@article{frey2017investigating,
author = {Frey, Sandra and Fisher, Jason T. and Burton, A. Cole and Volpe, John P.},
title = {Investigating animal activity patterns and temporal niche partitioning using camera-trap data: challenges and opportunities},
journal = {Remote Sensing in Ecology and Conservation},
volume = {3},
number = {3},
pages = {123-132},
keywords = {Activity patterns, camera trapping, competition, niche partitioning, species coexistence, species interactions},
doi = {https://doi.org/10.1002/rse2.60},
url = {https://zslpublications.onlinelibrary.wiley.com/doi/abs/10.1002/rse2.60},
eprint = {https://zslpublications.onlinelibrary.wiley.com/doi/pdf/10.1002/rse2.60},
year = {2017}
}

@article{farris2020exploring,
  title={Exploring and interpreting spatiotemporal interactions between native and invasive carnivores across a gradient of rainforest degradation},
  author={Farris, Zach J and Gerber, Brian D and Karpanty, Sarah and Murphy, Asia and Wampole, Erin and Ratelolahy, Felix and Kelly, Marcella J},
  journal={Biological Invasions},
  volume={22},
  number={6},
  pages={2033--2047},
  year={2020},
  doi={https://doi.org/10.1007/s10530-020-02237-1},
  publisher={Springer}
}

@article{azzou2021sparse,
author = {Ait Kaci Azzou, Sadoune and Singer, Liam and Aebischer, Thierry and Caduff, Madleina and Wolf, Beat and Wegmann, Daniel},
title = {A sparse observation model to quantify species distributions and their overlap in space and time},
journal = {Ecography},
volume = {44},
number = {6},
pages = {928-940},
keywords = {biodiversity monitoring, camera trap data, daily activity, niche partitioning, overlap coefficient, species distribution},
doi = {https://doi.org/10.1111/ecog.05411},
url = {https://onlinelibrary.wiley.com/doi/abs/10.1111/ecog.05411},
eprint = {https://onlinelibrary.wiley.com/doi/pdf/10.1111/ecog.05411},
year = {2021}
}


@article{ridout2009estimating,
  title={Estimating overlap of daily activity patterns from camera trap data},
  author={Ridout, Martin S and Linkie, Matthew},
  journal={Journal of Agricultural, Biological, and Environmental Statistics},
  volume={14},
  number={3},
  pages={322--337},
  year={2009},
  doi={https://doi.org/10.1198/jabes.2009.08038},
  publisher={Springer}
}


@article{elmhagen2007trophic,
author = {Elmhagen, Bodil and Rushton, Stephen P.},
title = {Trophic control of mesopredators in terrestrial ecosystems: top-down or bottom-up?},
journal = {Ecology Letters},
volume = {10},
number = {3},
pages = {197-206},
keywords = {Bioclimatic region, bottom-up, ecological communities, linear mixed effect models, mesopredator release, path analysis, species interactions, structural equation modelling, top predators, top-down},
doi = {https://doi.org/10.1111/j.1461-0248.2006.01010.x},
url = {https://onlinelibrary.wiley.com/doi/abs/10.1111/j.1461-0248.2006.01010.x},
eprint = {https://onlinelibrary.wiley.com/doi/pdf/10.1111/j.1461-0248.2006.01010.x},
year = {2007}
}


@article{fisher2014current,
author = {Fisher, Diana O. and Johnson, Chris N. and Lawes, Michael J. and Fritz, Susanne A. and McCallum, Hamish and Blomberg, Simon P. and VanDerWal, Jeremy and Abbott, Brett and Frank, Anke and Legge, Sarah and Letnic, Mike and Thomas, Colette R. and Fisher, Alaric and Gordon, Iain J. and Kutt, Alex},
title = {The current decline of tropical marsupials in {{A}ustralia}: is history repeating?},
journal = {Global Ecology and Biogeography},
volume = {23},
number = {2},
pages = {181-190},
keywords = {Comparative methods, critical weight range, introduced predators, mammal extinction, marsupials, random forest models, tropical conservation},
doi = {https://doi.org/10.1111/geb.12088},
url = {https://onlinelibrary.wiley.com/doi/abs/10.1111/geb.12088},
eprint = {https://onlinelibrary.wiley.com/doi/pdf/10.1111/geb.12088},
year = {2014}
}

@article{bilney2010underestimated,
  title={Underestimated and severe: small mammal decline from the forests of south-eastern {{A}ustralia} since {European} settlement, as revealed by a top-order predator},
  author={Bilney, Rohan J and Cooke, Raylene and White, John G},
  journal={Biological Conservation},
  volume={143},
  number={1},
  pages={52--59},
  year={2010},
  doi={https://doi.org/10.1016/j.biocon.2009.09.002},
  publisher={Elsevier}
}

@article{davies2018declining,
  title={Declining populations in one of the last refuges for threatened mammal species in northern {{A}ustralia}},
  author={Davies, Hugh F and McCarthy, Michael A and Firth, Ronald SC and Woinarski, John C.Z and Gillespie, Graeme R and Andersen, Alan N and Rioli, Willie and Puruntatameri, Jos{\'e} and Roberts, Willie and Kerinaiua, Colin and others},
  journal={Austral Ecology},
  volume={43},
  number={5},
  pages={602--612},
  year={2018},
  doi={https://doi.org/10.1111/aec.12596},
  publisher={Wiley Online Library}
}

@article{woinarski2010monitoring,
  title={Monitoring indicates rapid and severe decline of native small mammals in {Kakadu National Park, northern {A}ustralia}},
  author={Woinarski, John C.Z and Armstrong, Martin and Brennan, K and Fisher, Alaric and Griffiths, Anthony D and Hill, B and Milne, DJ and Palmer, Carol and Ward, S and Watson, M and Winderlich, S and Young, S},
  journal={Wildlife Research},
  volume={37},
  number={2},
  pages={116--126},
  year={2010},
  doi={https://doi.org/10.1071/WR09125},
  publisher={{CSIRO Publishing}}
}

@article{doherty2015critical,
  title={A critical review of habitat use by feral cats and key directions for future research and management},
  author={Doherty, Tim S and Bengsen, Andrew J and Davis, Robert A},
  journal={Wildlife Research},
  volume={41},
  number={5},
  pages={435--446},
  year={2015},
  doi={https://doi.org/10.1071/WR14159},
  publisher={{CSIRO Publishing}}
}

@article{hohnen2016occupancy,
  title={Occupancy of the invasive feral cat varies with habitat complexity},
  author={Hohnen, Rosemary and Tuft, Katherine and McGregor, Hugh W and Legge, Sarah and Radford, Ian J and Johnson, Christopher N},
  journal={PLoS One},
  volume={11},
  number={9},
  pages={e0152520},
  year={2016},
  doi={https://doi.org/10.1371/journal.pone.0152520},
  publisher={Public Library of Science San Francisco, CA USA}
}

@article{johnson2007rarity,
  title={Rarity of a top predator triggers continent-wide collapse of mammal prey: dingoes and marsupials in {{A}ustralia}},
  author={Johnson, Christopher N and Isaac, Joanne L and Fisher, Diana O},
  journal={Proceedings of the Royal Society B: Biological Sciences},
  volume={274},
  number={1608},
  pages={341--346},
  year={2007},
  doi={https://doi.org/10.1098/rspb.2006.3711},
  publisher={The Royal Society London}
}

@book{menkhorst2006background,
  title={Background and Implementation Information for the Smoky Mouse {P}seudomys fumeus: National Recovery Plan},
  author={Menkhorst, Peter and Broome, Linda},
  year={2006},
  publisher={{Department of Sustainability and Environment}}
}

@article{smith1996patterns,
title = {Patterns and causes of extinction and decline in {{A}ustralian} conilurine rodents},
journal = {Biological Conservation},
volume = {77},
number = {2},
pages = {243-267},
year = {1996},
issn = {0006-3207},
doi = {https://doi.org/10.1016/0006-3207(96)00002-X},
url = {https://www.sciencedirect.com/science/article/pii/000632079600002X},
author = {A.P. Smith and D.G. Quin},
keywords = {extinction, decline, rodents, predation, fox}
}

@article{banks1999predation,
author = {Banks, Peter B.},
title = {Predation by introduced foxes on native bush rats in {{A}ustralia}: do foxes take the doomed surplus?},
journal = {Journal of Applied Ecology},
volume = {36},
number = {6},
pages = {1063-1071},
keywords = {introduced predator, predator control, predator limitation, Rattus fuscipes, Vulpes vulpes.},
doi = {https://doi.org/10.1046/j.1365-2664.1999.00463.x},
url = {https://besjournals.onlinelibrary.wiley.com/doi/abs/10.1046/j.1365-2664.1999.00463.x},
eprint = {https://besjournals.onlinelibrary.wiley.com/doi/pdf/10.1046/j.1365-2664.1999.00463.x},
year = {1999}
}

@article{radford2018degrees,
  title={Degrees of population-level susceptibility of {{A}ustralian} terrestrial non-volant mammal species to predation by the introduced red fox \textit{({Vulpes vulpes})} and feral cat \textit{({Felis catus})}},
  author={Radford, James Q and Woinarski, John C.Z and Legge, Sarah and Baseler, Marcus and Bentley, Joss and Burbidge, Andrew A and Bode, Michael and Copley, Peter and Dexter, Nicholas and Dickman, Chris R and others},
  journal={Wildlife Research},
  volume={45},
  number={7},
  pages={645--657},
  year={2018},
  doi={https://doi.org/10.1071/WR18008},
  publisher={{CSIRO Publishing}}
}

@book{johnson2006australia,
  title={{A}ustralia's mammal extinctions: a 50,000-year history},
  author={Johnson, Chris},
  year={2006},
  publisher={Cambridge University Press}
}

@article{burbidge2002mammal,
author = {Burbidge, Andrew A.  and Manly, Bryan F. J.},
title = {Mammal extinctions on {{A}ustralian} islands: causes and conservation implications},
journal = {Journal of Biogeography},
volume = {29},
number = {4},
pages = {465-473},
keywords = {Mammal extinctions, {A}ustralian islands, introduced predators, fox, cat, black rat},
doi = {https://doi.org/10.1046/j.1365-2699.2002.00699.x},
url = {https://onlinelibrary.wiley.com/doi/abs/10.1046/j.1365-2699.2002.00699.x},
eprint = {https://onlinelibrary.wiley.com/doi/pdf/10.1046/j.1365-2699.2002.00699.x},
year = {2002}
}

@article{mcdonald2017habitat,
author = {McDonald, Peter J. and Nano, Catherine E. M. and Ward, Simon J. and Stewart, Alistair and Pavey, Chris R. and Luck, Gary W. and Dickman, Chris R.},
title = {Habitat as a mediator of mesopredator-driven mammal extinction},
journal = {Conservation Biology},
volume = {31},
number = {5},
pages = {1183-1191},
keywords = {feral cat, mammal decline, predation, red fox, refuge, ruggedness, declinaciones de mamíferos, depredación, el gato feral, la escabrosidad, refugio, zorro rojo},
doi = {https://doi.org/10.1111/cobi.12905},
url = {https://conbio.onlinelibrary.wiley.com/doi/abs/10.1111/cobi.12905},
eprint = {https://conbio.onlinelibrary.wiley.com/doi/pdf/10.1111/cobi.12905},
year = {2017}
}

@book{dickman1996overview,
  title={Overview of the impacts of feral cats on {{A}ustralian} native fauna},
  author={Dickman, Chris R},
  year={1996},
  publisher={{A}ustralian Nature Conservation Agency}
}

@article{efford2018spatial,
author = {Efford, Murray G. and Hunter, Christine M.},
title = {Spatial capture–mark–resight estimation of animal population density},
journal = {Biometrics},
volume = {74},
number = {2},
pages = {411-420},
keywords = {Capture–mark–resight model, Density estimation, Maximum likelihood, Overdispersion, Spatial mark–resight, Spatially explicit capture–recapture},
doi = {https://doi.org/10.1111/biom.12766},
url = {https://onlinelibrary.wiley.com/doi/abs/10.1111/biom.12766},
eprint = {https://onlinelibrary.wiley.com/doi/pdf/10.1111/biom.12766},
year = {2018}
}

  
@Manual{R,
    title = {R: A Language and Environment for Statistical Computing},
    author = {{R Core Team}},
    organization = {R Foundation for Statistical Computing},
    address = {Vienna, Austria},
    year = {2020},
    url = {https://www.R-project.org/},
  }
  
@mastersthesis{banikos2018responses,
	author = {Banikos, Zoï},
	publisher = {University of Melbourne; School of BioSciences},
	note = {Masters},
	title = {Responses of Critical Weight Range Digging Mammals to a Fox Control Program in south-eastern {{A}ustralia}.},
	pages = {},
	year = {2018},
	school = {}
}

@report{robley2017towards,
  title={Towards a Feral Cat Management Strategy for {Hattah-Kulkyne National Park}: Estimation of Feral Cat Density and Bait Uptake Rates, and Comparison of Management Strategies},
  author={Robley, Alan and Ramsey, David SL and Woodford, Luke and Taglierini, Angelo and Walker, James and Sloane, Paul and Luitjes, Mark},
  year={2017},
  publisher={Arthur Rylah Institute for Environmental Research Technical Report Series No. 281. Department of Environment, Land, Water and Planning, Heidelberg, Victoria}
}

@report{robley2020glenelg,
  title={{Glenelg Ark 2005–2019: long-term predator and native mammal response to predator control.}},
  author={Robley, Alan and Moloney, Paul and Stringer, Louise and Donald, Simon},
  year={2020},
  publisher={Arthur Rylah Institute for Environmental Research Technical Report Series No. 318. Department of Environment, Land, Water and Planning, Heidelberg, Victoria}
}

@report{robley2018estimating,
  title={Estimating population changes in wild dogs, feral cats and foxes in relation to an aerial baiting operation in eastern {V}ictoria.},
  author={Robley, Alan and Ramsey, David SL and Woodford, Luke},
  year={2018},
  publisher={Arthur Rylah Institute for Environmental Research Technical Report Series No. 292. Department of Environment, Land, Water and Planning, Heidelberg, Victoria}
}

@report{francis2020evaluating,
  title={Evaluating fox management strategies using a spatially explicit population},
  author={Francis, L and Robley, A and Hradsky, B},
  publisher={Arthur Rylah Institute for Environmental Research Technical Report Series No. 304. Department of Environment, Land, Water and Planning, Heidelberg, Victoria},
  year={2020}
}

@article{mcgregor2014landscape,
  title={Landscape management of fire and grazing regimes alters the fine-scale habitat utilisation by feral cats},
  author={McGregor, Hugh W and Legge, Sarah and Jones, Menna E and Johnson, Christopher N},
  journal={PloS one},
  volume={9},
  number={10},
  pages={e109097},
  year={2014},
  doi={https://doi.org/10.1371/journal.pone.0109097},
  publisher={Public Library of Science San Francisco, USA}
}

@article{mcgregor2017habitat,
  title={Habitat preference for fire scars by feral cats in {Cape York Peninsula, {A}ustralia}},
  author={McGregor, Hugh W and Cliff, Hannah B and Kanowski, John},
  journal={Wildlife Research},
  volume={43},
  number={8},
  pages={623--633},
  year={2017},
  doi={https://doi.org/10.1071/WR16058},
  publisher={{CSIRO Publishing}}
}

@article{mcgregor2015density,
  title={Density and home range of feral cats in north-western {{A}ustralia}},
  author={McGregor, Hugh W and Legge, Sarah and Potts, Joanne and Jones, Menna E and Johnson, Christopher N},
  journal={Wildlife Research},
  volume={42},
  number={3},
  pages={223--231},
  year={2015},
  doi={https://doi.org/10.1071/WR14180},
  publisher={{CSIRO Publishing}}
}

@article{jimenez2017estimating,
  title={Estimating carnivore community structures},
  author={Jiménez, José and Nuñez-Arjona, Juan Carlos and Rueda, Carmen and González, Luis Mariano and García-Domínguez, Francisco and Muñoz-Igualada, Jaime and López-Bao, José Vicente},
  journal={Scientific Reports},
  volume={7},
  number={1},
  pages={1--10},
  year={2017},
  doi={https://doi.org/10.1038/srep41036},
  publisher={Nature Publishing Group}
}

@article{cove2018free,
  title={Free-ranging domestic cats \textit{({Felis catus})} on public lands: estimating density, activity, and diet in the Florida Keys},
  author={Cove, Michael V and Gardner, Beth and Simons, Theodore R and Kays, Roland and O’Connell, Allan F},
  journal={Biological Invasions},
  volume={20},
  number={2},
  pages={333--344},
  year={2018},
  doi={https://doi.org/10.1007/s10530-017-1534-x},
  publisher={Springer}
}

@book{royle2013spatial,
  title={Spatial capture-recapture},
  author={Royle, J Andrew and Chandler, Richard B and Sollmann, Rahel and Gardner, Beth},
  year={2013},
  publisher={Academic Press}
  }

@article{bengsen2011estimating,
  title={Estimating and indexing feral cat population abundances using camera traps},
  author={Bengsen, Andrew and Butler, John and Masters, Pip},
  journal={Wildlife Research},
  volume={38},
  number={8},
  pages={732--739},
  year={2011},
  doi={https://doi.org/10.1071/WR11134},
  publisher={{CSIRO Publishing}}
}

@article{taggart2019evidence,
  title={Evidence of significantly higher island feral cat abundance compared with the adjacent mainland},
  author={Taggart, Patrick L and Fancourt, Bronwyn A and Bengsen, Andrew J and Peacock, David E and Hodgens, Patrick and Read, John L and McAllister, Milton M and Caraguel, Charles GB},
  journal={Wildlife Research},
  volume={46},
  number={5},
  pages={378--385},
  year={2019},
  doi={https://doi.org/10.1071/WR18118},
  publisher={{CSIRO Publishing}}
}

@article{doherty2019conservation,
author = {Doherty, Tim S. and Driscoll, Don A. and Nimmo, Dale G. and Ritchie, Euan G. and Spencer, Ricky-John},
title = {Conservation or politics? {{A}ustralia's} target to kill 2 million cats},
journal = {Conservation Letters},
volume = {12},
number = {4},
pages = {e12633},
keywords = {biodiversity conservation, environmental policy, evidence-based policy, extinction, feral cats, invasive species, pest management, threatened species conservation},
doi = {https://doi.org/10.1111/conl.12633},
url = {https://conbio.onlinelibrary.wiley.com/doi/abs/10.1111/conl.12633},
eprint = {https://conbio.onlinelibrary.wiley.com/doi/pdf/10.1111/conl.12633},
year = {2019}
}

@article{denny2010review,
  title={Review of cat ecology and management strategies in {{A}ustralia}},
  author={Denny, Elizabeth A and Dickman, CR},
  journal={Invasive Animals Cooperative Research Centre, Canberra},
  year={2010}
}

@article{edwards2000evaluation,
  title={An evaluation of two methods of assessing feral cat and dingo abundance in central {{A}ustralia}},
  author={Edwards, GP and De Preu, ND and Shakeshaft, BJ and Crealy, IV},
  journal={Wildlife Research},
  volume={27},
  number={2},
  pages={143--149},
  year={2000},
  doi={https://doi.org/10.1071/WR98067},
  publisher={{CSIRO Publishing}}
}

@article{murphy2019introduced,
title = {Introduced cats \textit{({Felis catus})} eating a continental fauna: The number of mammals killed in {{A}ustralia}},
journal = {Biological Conservation},
volume = {237},
pages = {28-40},
year = {2019},
issn = {0006-3207},
doi = {https://doi.org/10.1016/j.biocon.2019.06.013},
url = {https://www.sciencedirect.com/science/article/pii/S0006320719300746},
author = {Brett P. Murphy and Leigh-Ann Woolley and Hayley M. Geyle and Sarah M. Legge and Russell Palmer and Chris R. Dickman and John Augusteyn and Stuart C. Brown and Sarah Comer and Tim S. Doherty and Charlie Eager and Glenn Edwards and Damien A. Fordham and Dan Harley and Peter J. McDonald and Hugh McGregor and Katherine E. Moseby and Cecilia Myers and John Read and Joanna Riley and Danielle Stokeld and Gavin J. Trewella and Jeff M. Turpin and John C.Z. Woinarski},
keywords = {Conservation, Diet, Feral cat, Introduced predator, Mortality, Predation},
}

@article{woinarski2017birds,
  title = {How many birds are killed by cats in {{A}ustralia}?},
  journal = {Biological Conservation},
  volume = {214},
  pages = {76-87},
  year = {2017},
  issn = {0006-3207},
  doi = {https://doi.org/10.1016/j.biocon.2017.08.006},
  url = {https://www.sciencedirect.com/science/article/pii/S0006320717302719},
  author = {J.C.Z. Woinarski and B.P. Murphy and S.M. Legge and S.T. Garnett and M.J. Lawes and S. Comer and C.R. Dickman and T.S. Doherty and G. Edwards and A. Nankivell and D. Paton and R. Palmer and L.A. Woolley},
  keywords = {Conservation, Diet, Introduced predator, Island, Mortality, Predation}
}

@article{woinarski2018reptiles,
  title={How many reptiles are killed by cats in {{A}ustralia}?},
  author={Woinarski, J.C.Z and Murphy, BP and Palmer, R and Legge, SM and Dickman, CR and Doherty, TS and Edwards, G and Nankivell, A and Read, JL and Stokeld, D},
  journal={Wildlife Research},
  volume={45},
  number={3},
  pages={247--266},
  year={2018},
  doi={https://doi.org/10.1071/WR17160},
  publisher={{CSIRO Publishing}}
}

@article{legge2017enumerating,
title = {Enumerating a continental-scale threat: How many feral cats are in {A}ustralia?},
journal = {Biological Conservation},
volume = {206},
pages = {293-303},
year = {2017},
issn = {0006-3207},
doi = {https://doi.org/10.1016/j.biocon.2016.11.032},
url = {https://www.sciencedirect.com/science/article/pii/S0006320716309223},
author = {S. Legge and B.P. Murphy and H. McGregor and J.C.Z Woinarski and J. Augusteyn and G. Ballard and M. Baseler and T. Buckmaster and C.R. Dickman and T. Doherty and G. Edwards and T. Eyre and B.A. Fancourt and D. Ferguson and D.M. Forsyth and W.L. Geary and M. Gentle and G. Gillespie and L. Greenwood and R. Hohnen and S. Hume and C.N. Johnson and M. Maxwell and P.J. McDonald and K. Morris and K. Moseby and T. Newsome and D. Nimmo and R. Paltridge and D. Ramsey and J. Read and A. Rendall and M. Rich and E. Ritchie and J. Rowland and J. Short and D. Stokeld and D.R. Sutherland and A.F. Wayne and L. Woodford and F. Zewe},
keywords = {Feral cat, Density, Introduced predator, Island, Pest management, Invasive species}
}

@book{woinarski2014action,
  title={The action plan for {{A}ustralian} mammals 2012},
  author={Woinarski, John C.Z. and Burbidge, Andrew and Harrison, Peter},
  year={2014},
  publisher={{CSIRO Publishing}}
}

@article{royle2008statistical,
  title={Statistical modeling and inference from carnivore survey data},
  author={Royle, J Andrew and Stanley, Thomas R and Lukacs, Paul M},
  journal={Noninvasive survey methods for carnivores},
  pages={293--312},
  year={2008},
  publisher={Island Press Washington, DC, USA}
}

@article{zavaleta2001viewing,
  title={Viewing invasive species removal in a whole-ecosystem context},
  author={Zavaleta, Erika S and Hobbs, Richard J and Mooney, Harold A},
  journal={Trends in Ecology \& Evolution},
  volume={16},
  number={8},
  pages={454--459},
  year={2001},
  doi={https://doi.org/10.1016/S0169-5347(01)02194-2},
  publisher={Elsevier}
}

@article{jackson2015interactions,
  title={Interactions among multiple invasive animals},
  author={Jackson, Michelle C},
  journal={Ecology},
  volume={96},
  number={8},
  pages={2035--2041},
  year={2015},
  doi={https://doi.org/10.1890/15-0171.1},
  publisher={Wiley Online Library}
}

@article{kuebbing2015negative,
  title={Negative, neutral, and positive interactions among nonnative plants: patterns, processes, and management implications},
  author={Kuebbing, Sara E and Nu{\~n}ez, Martin A},
  journal={Global Change Biology},
  volume={21},
  number={2},
  pages={926--934},
  year={2015},
  doi={https://doi.org/10.1111/gcb.12711},
  publisher={Wiley Online Library}
}

@article{crooks1999mesopredator,
  title={Mesopredator release and avifaunal extinctions in a fragmented system},
  author={Crooks, Kevin R and Soul{\'e}, Michael E},
  journal={Nature},
  volume={400},
  number={6744},
  pages={563--566},
  year={1999},
  publisher={Nature Publishing Group}
}

@article{ruscoe2011unexpected,
  title={Unexpected consequences of control: competitive vs. predator release in a four-species assemblage of invasive mammals},
  author={Ruscoe, Wendy A and Ramsey, David SL and Pech, Roger P and Sweetapple, Peter J and Yockney, Ivor and Barron, Mandy C and Perry, Mike and Nugent, Graham and Carran, Roger and Warne, Rodney and others},
  journal={Ecology Letters},
  volume={14},
  number={10},
  pages={1035--1042},
  year={2011},
  doi={https://doi.org/10.1111/j.1461-0248.2011.01673.x},
  publisher={Wiley Online Library}
}

@article{doherty2017stop,
  title={Stop jumping the gun: a call for evidence-based invasive predator management},
  author={Doherty, Tim S and Ritchie, Euan G},
  journal={Conservation Letters},
  volume={10},
  number={1},
  pages={15--22},
  doi={https://doi.org/10.1111/conl.12251},
  year={2017},
  publisher={Wiley Online Library}
}

@article{ballari2016potential,
  title={Potential problems of removing one invasive species at a time: a meta-analysis of the interactions between invasive vertebrates and unexpected effects of removal programs},
  author={Ballari, Sebasti{\'a}n A and Kuebbing, Sara E and Nu{\~n}ez, Martin A},
  journal={PeerJ},
  volume={4},
  doi={10.7717/peerj.2029},
  pages={e2029},
  year={2016},
  publisher={PeerJ Inc.}
}

@article{courchamp1999cats,
  title={Cats protecting birds: modelling the mesopredator release effect},
  author={Courchamp, Franck and Langlais, Michel and Sugihara, George},
  journal={Journal of Animal Ecology},
  volume={68},
  number={2},
  pages={282--292},
  year={1999},
  doi={https://doi.org/10.1046/j.1365-2656.1999.00285.x},
  publisher={Wiley Online Library}
}

@article{bode2015eradicating,
  title={Eradicating down the food chain: optimal multispecies eradication schedules for a commonly encountered invaded island ecosystem},
  author={Bode, Michael and Baker, Christopher M and Plein, Michaela},
  journal={Journal of Applied Ecology},
  volume={52},
  number={3},
  pages={571--579},
  year={2015},
  doi={https://doi.org/10.1111/1365-2664.12429},
  publisher={Wiley Online Library}
}

@article{rayner2007spatial,
  title={Spatial heterogeneity of mesopredator release within an oceanic island system},
  author={Rayner, Matt J and Hauber, Mark E and Imber, Michael J and Stamp, Rosalie K and Clout, Mick N},
  journal={Proceedings of the National Academy of Sciences},
  volume={104},
  number={52},
  pages={20862--20865},
  year={2007},
  doi={https://doi.org/10.1073/pnas.0707414105},
  publisher={National Acad Sciences}
}

@article{hastings2001transient,
  title={Transient dynamics and persistence of ecological systems},
  author={Hastings, Alan},
  journal={Ecology Letters},
  volume={4},
  number={3},
  pages={215--220},
  year={2001},
  doi={https://doi.org/10.1046/j.1461-0248.2001.00220.x},
  publisher={Wiley Online Library}
}

@article{yodzis1988indeterminacy,
  title={The indeterminacy of ecological interactions as perceived through perturbation experiments},
  author={Yodzis, Peter},
  journal={Ecology},
  volume={69},
  number={2},
  pages={508--515},
  year={1988},
  doi={https://doi.org/10.2307/1940449},
  publisher={Wiley Online Library}
}

@article{finke2004predator,
  title={Predator diversity dampens trophic cascades},
  author={Finke, Deborah L and Denno, Robert F},
  journal={Nature},
  volume={429},
  number={6990},
  pages={407--410},
  year={2004},
  doi={https://doi.org/10.1038/nature02554},
  publisher={Nature Publishing Group}
}

@article{alston2019reciprocity,
  title={Reciprocity in restoration ecology: When might large carnivore reintroduction restore ecosystems?},
  author={Alston, JM and Maitland, BM and Brito, BT and Esmaeili, S and Ford, AT and Hays, B and Jesmer, BR and Molina, FJ and Goheen, JR},
  journal={Biological Conservation},
  volume={234},
  pages={82--89},
  year={2019},
  doi={https://doi.org/10.1016/j.biocon.2019.03.021},
  publisher={Elsevier}
}

@article{glen2005complex,
  title={Complex interactions among mammalian carnivores in {{A}ustralia}, and their implications for wildlife management},
  author={Glen, Alistair S and Dickman, Chris R},
  journal={Biological Reviews},
  volume={80},
  number={3},
  pages={387--401},
  year={2005},
  doi={https://doi.org/10.1017/S1464793105006718},
  publisher={Wiley Online Library}
}

@article{christie2019simple,
  title={Simple study designs in ecology produce inaccurate estimates of biodiversity responses},
  author={Christie, Alec P and Amano, Tatsuya and Martin, Philip A and Shackelford, Gorm E and Simmons, Benno I and Sutherland, William J},
  journal={Journal of Applied Ecology},
  volume={56},
  number={12},
  pages={2742--2754},
  year={2019},
  doi={https://doi.org/10.1111/1365-2664.13499},
  publisher={Wiley Online Library}
}

@article{smith2020zooming,
  title={Zooming in on mechanistic predator--prey ecology: Integrating camera traps with experimental methods to reveal the drivers of ecological interactions},
  author={Smith, Justine A and Suraci, Justin P and Hunter, Jennifer S and Gaynor, Kaitlyn M and Keller, Carson B and Palmer, Meredith S and Atkins, Justine L and Casta{\~n}eda, Irene and Cherry, Michael J and Garvey, Patrick M and others},
  journal={Journal of Animal Ecology},
  volume={89},
  number={9},
  pages={1997--2012},
  year={2020},
  doi={https://doi.org/10.1111/1365-2656.13264},
  publisher={Wiley Online Library}
}

@article{hayward2015ecologists,
  title={Ecologists need robust survey designs, sampling and analytical methods},
  author={Hayward, Matt W and Boitani, Luigi and Burrows, Neil D and Funston, Paul J and Karanth, K Ullas and MacKenzie, Darryl I and Pollock, Ken H and Yarnell, Richard W},
  journal={Journal of Applied Ecology},
  volume={52},
  number={2},
  pages={286--290},
  year={2015},
  doi={https://doi.org/10.1111/1365-2664.12408},
  publisher={Wiley Online Library}
}

@article{stephens2015management,
author = {Stephens, Philip A. and Pettorelli, Nathalie and Barlow, Jos and Whittingham, Mark J. and Cadotte, Marc W.},
title = {Management by proxy? The use of indices in applied ecology},
journal = {Journal of Applied Ecology},
volume = {52},
number = {1},
pages = {1-6},
doi = {https://doi.org/10.1111/1365-2664.12383},
url = {https://besjournals.onlinelibrary.wiley.com/doi/abs/10.1111/1365-2664.12383},
eprint = {https://besjournals.onlinelibrary.wiley.com/doi/pdf/10.1111/1365-2664.12383},
year = {2015}
}

@article{efford2014compensatory,
author = {Efford, M. G. and Mowat, G.},
title = {Compensatory heterogeneity in spatially explicit capture–recapture data},
journal = {Ecology},
volume = {95},
number = {5},
pages = {1341-1348},
keywords = {carnivores, density estimates, DNA, effective sampling area, grizzly bear, heterogeneity, home range, SECR, sex differences, single-detector sampling area, spatially explicit capture–recapture, Ursus arctos},
doi = {https://doi.org/10.1890/13-1497.1},
url = {https://esajournals.onlinelibrary.wiley.com/doi/abs/10.1890/13-1497.1},
eprint = {https://esajournals.onlinelibrary.wiley.com/doi/pdf/10.1890/13-1497.1},
year = {2014}
}

@article{efford2012occupancy,
  title={Occupancy in continuous habitat},
  author={Efford, Murray G and Dawson, Deanna K},
  journal={Ecosphere},
  volume={3},
  number={4},
  pages={1--15},
  year={2012},
  doi={https://doi.org/10.1890/ES11-00308.1},
  publisher={Wiley Online Library}
}

@article{rogan2019influence,
  title={The influence of movement on the occupancy--density relationship at small spatial scales},
  author={Rogan, Matthew S and Balme, Guy A and Distiller, Greg and Pitman, Ross T and Broadfield, Joleen and Mann, Gareth KH and Whittington-Jones, Gareth M and Thomas, Lisa H and O'Riain, M Justin},
  journal={Ecosphere},
  volume={10},
  number={8},
  pages={e02807},
  year={2019},
  doi={https://doi.org/10.1002/ecs2.2807},
  publisher={Wiley Online Library}
}

@article{broadley2019density,
  title={Density-dependent space use affects interpretation of camera trap detection rates},
  author={Broadley, Kate and Burton, A Cole and Avgar, Tal and Boutin, Stan},
  journal={Ecology and Evolution},
  volume={9},
  number={24},
  pages={14031--14041},
  year={2019},
  doi={https://doi.org/10.1002/ece3.5840},
  publisher={Wiley Online Library}
}

@article{moseby2019understanding,
  title={Understanding predator densities for successful co-existence of alien predators and threatened prey},
  author={Moseby, Katherine E and Letnic, Michael and Blumstein, Daniel T and West, Rebecca},
  journal={Austral Ecology},
  volume={44},
  number={3},
  pages={409--419},
  year={2019},
  doi={https://doi.org/10.1111/aec.12697},
  publisher={Wiley Online Library}
}

@article{forsyth2019estimating,
  title={Estimating abundances, densities, and interspecific associations in a carnivore community},
  author={Forsyth, David M and Ramsey, David SL and Woodford, Luke P},
  journal={The Journal of Wildlife Management},
  volume={83},
  number={5},
  pages={1090--1102},
  year={2019},
  publisher={Wiley Online Library}
}

@article{reddiex2007control,
  title={Control of pest mammals for biodiversity protection in {{A}ustralia}. I. Patterns of control and monitoring},
  author={Reddiex, Ben and Forsyth, David M and McDonald-Madden, Eve and Einoder, Luke D and Griffioen, Peter A and Chick, Ryan R and Robley, Alan J},
  journal={Wildlife Research},
  volume={33},
  number={8},
  pages={691--709},
  year={2007},
  doi={https://doi.org/10.1071/WR05102},
  publisher={CSIRO Publishing}
}

@article{reddiex2006control,
  title={Control of pest mammals for biodiversity protection in {A}ustralia. II. Reliability of knowledge},
  author={Reddiex, Ben and Forsyth, David M},
  journal={Wildlife Research},
  volume={33},
  number={8},
  pages={711--717},
  year={2006},
  doi={https://doi.org/10.1071/WR05103},
  publisher={CSIRO Publishing}
}

@article{mcleod2014fertility,
  title={Fertility control is much less effective than lethal baiting for controlling foxes},
  author={McLeod, Steven R and Saunders, Glen},
  journal={Ecological Modelling},
  volume={273},
  pages={1--10},
  year={2014},
  doi={https://doi.org/10.1016/j.ecolmodel.2013.10.016},
  publisher={Elsevier}
}

@article{medina2011global,
  title={A global review of the impacts of invasive cats on island endangered vertebrates},
  author={Medina, F{\'e}lix M and Bonnaud, Elsa and Vidal, Eric and Tershy, Bernie R and Zavaleta, Erika S and Josh Donlan, C and Keitt, Bradford S and Le Corre, Matthieu and Horwath, Sarah V and Nogales, Manuel},
  journal={Global Change Biology},
  volume={17},
  number={11},
  pages={3503--3510},
  year={2011},
  doi={https://doi.org/10.1111/j.1365-2486.2011.02464.x},
  publisher={Wiley Online Library}
}

@article{legge2020cat,
  title={Cat-dependent diseases cost {Australia AU \$6} billion per year through impacts on human health and livestock production},
  author={Legge, Sarah and Taggart, Pat L and Dickman, Chris R and Read, John L and Woinarski, John CZ},
  journal={Wildlife Research},
  volume={47},
  number={8},
  pages={731--746},
  year={2020},
  doi={https://doi.org/10.1071/WR20089},
  publisher={CSIRO Publishing}
}

@article{doherty2017impacts,
  title={Impacts and management of feral cats \textit{({Felis catus})} in {{A}ustralia}},
  author={Doherty, Tim S and Dickman, Chris R and Johnson, Chris N and Legge, Sarah M and Ritchie, Euan G and Woinarski, John C.Z},
  journal={Mammal Review},
  volume={47},
  number={2},
  pages={83--97},
  year={2017},
  doi={https://doi.org/10.1111/mam.12080},
  publisher={Wiley Online Library}
}

@article{catling1988similarities,
  title={Similarities and contrasts in the diets of foxes, \textit{({Vulpes vulpes})}, and cats, \textit{({Felis catus})}, relative to fluctuating prey populations and drought},
  author={Catling, PC},
  journal={Wildlife Research},
  volume={15},
  number={3},
  pages={307--317},
  year={1988},
  publisher={CSIRO}
}

@article{short1999impact,
  title={The impact of cats and foxes on the small vertebrate fauna of {Heirisson Prong, Western {A}ustralia. I. Exploring} potential impact using diet analysis},
  author={Short, Jeff and Calver, Michael C and Risbey, Danielle A},
  journal={Wildlife Research},
  volume={26},
  number={5},
  pages={621--630},
  year={1999},
  publisher={CSIRO}
}

@article{glen2011diets,
  title={Diets of sympatric native and introduced carnivores in the Barrington Tops, eastern {{A}ustralia}},
  author={Glen, AS and Pennay, M and Dickman, CR and Wintle, BA and Firestone, KB},
  journal={Austral Ecology},
  volume={36},
  number={3},
  pages={290--296},
  year={2011},
  publisher={Wiley Online Library}
}

@article{soule1988reconstructed,
  title={Reconstructed dynamics of rapid extinctions of chaparral-requiring birds in urban habitat islands},
  author={Soul{\'e}, Michael E and Bolger, Douglas T and Alberts, Allison C and Wrights, John and Sorice, Marina and Hill, Scott},
  journal={Conservation Biology},
  volume={2},
  number={1},
  pages={75--92},
  year={1988},
  doi={https://doi.org/10.1111/j.1523-1739.1988.tb00337.x},
  publisher={Wiley Online Library}
}

@article{lazenby2015effects,
  title={Effects of low-level culling of feral cats in open populations: a case study from the forests of southern {T}asmania},
  author={Lazenby, Billie T and Mooney, Nicholas J and Dickman, Christopher R},
  journal={Wildlife Research},
  volume={41},
  number={5},
  pages={407--420},
  year={2015},
  doi={https://doi.org/10.1071/WR14030},
  publisher={CSIRO}
}

{@article{fisher2015cat,
  title={How does cat behaviour influence the development and implementation of monitoring techniques and lethal control methods for feral cats?},
  author={Fisher, Penny and Algar, David and Murphy, Elaine and Johnston, Michael and Eason, Charles},
  journal={Applied Animal Behaviour Science},
  volume={173},
  pages={88--96},
  year={2015},
  publisher={Elsevier}
}

@article{hunter2018not,
  title={Not all predators are equal: a continent-scale analysis of the effects of predator control on {{A}ustralian} mammals},
  author={Hunter, Daniel O and Lagisz, Malgorzata and Leo, Viyanna and Nakagawa, Shinichi and Letnic, Mike},
  journal={Mammal Review},
  volume={48},
  number={2},
  pages={108--122},
  year={2018},
  doi={https://doi.org/10.1111/mam.12115},
  publisher={Wiley Online Library}
}

@article{risbey2000impacts,
  title={The impact of cats and foxes on the small vertebrate fauna of {Heirisson Prong, Western {A}ustralia. II. A} field experiment},
  author={Risbey, Danielle A and Calver, Michael C and Short, Jeff and Bradley, J Stuart and Wright, Ian W},
  journal={Wildlife Research},
  volume={27},
  number={3},
  pages={223--235},
  year={2000},
  publisher={CSIRO},
  doi= {https://doi.org/10.1071/WR98092}
}

@article{marlow2015cats,
  title={Cats \textit{({Felis catus})} are more abundant and are the dominant predator of woylies \textit{({Bettongia penicillata})} after sustained fox \textit{({Vulpes vulpes})} control},
  author={Marlow, Nicola J and Thomas, Neil D and Williams, Andrew AE and Macmahon, Brian and Lawson, John and Hitchen, Yvette and Angus, John and Berry, Oliver},
  journal={{A}ustralian Journal of Zoology},
  volume={63},
  number={1},
  pages={18--27},
  year={2015},
  doi={https://doi.org/10.1071/ZO14024},
  publisher={CSIRO}
}

@article{stobo2020management,
  title={Management of invasive mesopredators in the {Flinders Ranges, South {A}ustralia}: effectiveness and implications},
  author={Stobo-Wilson, Alyson M and Brandle, Robert and Johnson, Christopher N and Jones, Menna E},
  journal={Wildlife Research},
  volume={47},
  number={8},
  pages={720--730},
  year={2020},
  doi={https://doi.org/10.1071/WR19237},
  publisher={CSIRO}
}

@article{lindenmayer2018conservation,
title = {Conservation conundrums and the challenges of managing unexplained declines of multiple species},
journal = {Biological Conservation},
volume = {221},
pages = {279-292},
year = {2018},
issn = {0006-3207},
doi = {https://doi.org/10.1016/j.biocon.2018.03.007},
url = {https://www.sciencedirect.com/science/article/pii/S0006320717321481},
author = {David B. Lindenmayer and Jeff Wood and Christopher MacGregor and Claire Foster and Ben Scheele and Ayesha Tulloch and Philip Barton and Sam Banks and Natasha Robinson and Nick Dexter and Luke S. O'Loughlin and Sarah Legge},
keywords = {Biodiversity collapse, Long-term monitoring, Exotic predator control, Mammal decline, Ecological surprises, Novel assemblages, Experimental reintroduction, Novel management interventions}
}

@article{towerton2011detecting,
  title={Detecting pest and prey responses to fox control across the landscape using remote cameras},
  author={Towerton, Alison L and Penman, Trent D and Kavanagh, Rodney P and Dickman, Christopher R},
  journal={Wildlife Research},
  volume={38},
  number={3},
  pages={208--220},
  year={2011},
  doi={https://doi.org/10.1071/WR10213},
  publisher={CSIRO}
}

@article{molsher2017mesopredator,
  title={Mesopredator management: effects of red fox control on the abundance, diet and use of space by feral cats},
  author={Molsher, Robyn and Newsome, Alan E and Newsome, Thomas M and Dickman, Christopher R},
  journal={PLoS One},
  volume={12},
  number={1},
  pages={e0168460},
  year={2017},
  doi={https://doi.org/10.1371/journal.pone.0168460},
  publisher={Public Library of Science San Francisco, CA USA}
}

@phdthesis{molsher1999ecology,
  title={The ecology of feral cats, {F}elis catus, in open forest in {New South Wales}: interactions with food resources and foxes},
  author={Molsher, Robyn Lorraine},
  year={1999},
  publisher={University of Sydney},
  school = {School of Biological Sciences},
  note = {Doctor of Philosophy},
  url = {https://ses.library.usyd.edu.au/bitstream/handle/2123/411/adt-NU2000.0011main.pdf?sequence=2},
}

@article{davey2006exotic,
  title={Do exotic vertebrates structure the biota of {{A}ustralia}? An experimental test in {New South Wales}},
  author={Davey, C and Sinclair, ARE and Pech, Roger P and Arthur, Anthony D and Krebs, Charles J and Newsome, AE and Hik, D and Molsher, Robyn and Allcock, K},
  journal={Ecosystems},
  volume={9},
  number={6},
  pages={992--1008},
  year={2006},
  publisher={Springer}
}

@article{claridge2010trends,
  title={Trends in the activity levels of forest-dwelling vertebrate fauna against a background of intensive baiting for foxes},
  author={Claridge, Andrew W and Cunningham, Ross B and Catling, Peter C and Reid, Allan M},
  journal={Forest Ecology and Management},
  volume={260},
  number={5},
  pages={822--832},
  year={2010},
  publisher={Elsevier}
}
 
@online{BOM2021,
   title={Climate Data Online},
   author={{Bureau of Meteorology}},
   url={http://www.bom.gov.au/climate/data/},
   year={2021},
   accessed={April 2021}
 }

@online{bennett2021prescribed,
   author={Bennett, Mark and Edwards, Tom},
   title={Prescribed burn devastates one of {WA's} last two endangered numbat habitats},
   journal={{A}ustralian Broadcasting Company},
   month={May},
   year={2021},
   accessed={January 2022},
   url={https://www.abc.net.au/news/2021-05-02/prescribed-burn-decimates-numbat-habitat-wa/100110960}
}

@article{riley1999index,
  title={Index that quantifies topographic heterogeneity},
  author={Riley, Shawn J and DeGloria, Stephen D and Elliot, Robert},
  journal={Intermountain Journal of Sciences},
  volume={5},
  number={1-4},
  pages={23--27},
  year={1999}
}

@article{robley2014long,
  title={Long-term and large-scale control of the introduced red fox increases native mammal occupancy in {{A}ustralian} forests},
journal = {Biological Conservation},
volume = {180},
pages = {262-269},
year = {2014},
issn = {0006-3207},
doi = {https://doi.org/10.1016/j.biocon.2014.10.017},
url = {https://www.sciencedirect.com/science/article/pii/S000632071400398X},
author = {Alan Robley and Andrew M. Gormley and David M. Forsyth and Barbara Triggs},
keywords = {Biological invasion, Colonization, Persistence, Predator control, Prey, }
}


@article{hradsky2017human,
  title={Human-modified habitats facilitate forest-dwelling populations of an invasive predator, \textit{{V}ulpes vulpes}},
  author={Hradsky, Bronwyn A and Robley, Alan and Alexander, Ray and Ritchie, Euan G and York, Alan and Di Stefano, Julian},
  journal={Scientific Reports},
  volume={7},
  number={1},
  pages={1--12},
  year={2017},
  publisher={Nature Publishing Group},
  doi={https://doi.org/10.1038/s41598-017-12464-7}
}

@article{niedballa2016,
  title={{camtrapR: an R package for efficient camera trap data management}},
  author={Niedballa, J{\"u}rgen and Sollmann, Rahel and Courtiol, Alexandre and Wilting, Andreas},
  journal={Methods in Ecology and Evolution},
  volume={7},
  number={12},
  pages={1457--1462},
  year={2016},
  doi={https://doi.org/10.1111/2041-210X.12600},
  publisher={Wiley Online Library}
}

@book{wood2017generalized,
  title={Generalized additive models: an introduction with R},
  author={Wood, Simon N},
  year={2017},
  publisher={CRC press}
}

@article{wood2011fast,
  title={Fast stable restricted maximum likelihood and marginal likelihood estimation of semiparametric generalized linear models},
  author={Wood, Simon N},
  journal={Journal of the Royal Statistical Society: Series B (Statistical Methodology)},
  volume={73},
  number={1},
  pages={3--36},
  year={2011},
  doi={ https://doi.org/10.1111/j.1467-9868.2010.00749.x},
  publisher={Wiley Online Library}
}

@article{miller2014finite,
  title={Finite area smoothing with generalized distance splines},
  author={Miller, David L and Wood, Simon N},
  journal={Environmental and Ecological Statistics},
  volume={21},
  number={4},
  pages={715--731},
  year={2014},
  doi={https://doi.org/10.1007/s10651-014-0277-4},
  publisher={Springer}
}

@article{borchers2008spatially,
  title={Spatially explicit maximum likelihood methods for capture--recapture studies},
  author={Borchers, David L and Efford, Murray G},
  journal={Biometrics},
  volume={64},
  number={2},
  pages={377--385},
  year={2008},
  doi={https://doi.org/10.1111/j.1541-0420.2007.00927.x},
  publisher={Wiley Online Library}
}

@article{burnham2004multimodel,
  title={Multimodel inference: understanding {AIC} and {BIC} in model selection},
  author={Burnham, Kenneth P and Anderson, David R},
  journal={Sociological Methods \& Research},
  volume={33},
  number={2},
  pages={261--304},
  year={2004},
  doi={https://doi.org/10.1177/0049124104268644},
  publisher={Sage Publications Sage CA: Thousand Oaks, CA}
}

@online{efford2021secr, 
  author={Efford, Murray G}, 
  url={http://CRAN.R-project.org/package=secr}, 
  title={{secr: spatially explicit capture-recapture models. R package version 4.4.4}}, 
  publisher={(accessed June 2021)}, 
  year={2021}
} 

@article{moseby2020effectiveness,
  title={Effectiveness of the Felixer grooming trap for the control of feral cats: a field trial in arid {South {A}ustralia}},
  author={Moseby, KE and McGregor, H and Read, JL},
  journal={Wildlife Research},
  volume={47},
  number={8},
  pages={599--609},
  year={2020},
  doi={https://doi.org/10.1071/WR19132},
  publisher={CSIRO}
}

@article{rees2019unexpectedly,
  title = {Unexpectedly high densities of feral cats in a rugged temperate forest},
  journal = {Biological Conservation},
  volume = {239},
  pages = {108287},
  year = {2019},
  issn = {0006-3207},
  doi = {https://doi.org/10.1016/j.biocon.2019.108287},
  url = {https://www.sciencedirect.com/science/article/pii/S0006320719312674},
  author = {M.W. Rees and J.H. Pascoe and B.A. Wintle and M. {Le Pla} and E.K. Birnbaum and B.A. Hradsky},
  keywords = {Camera trap, Invasive predator, Population density, Spatial capture-recapture, Spatial mark-resight}
}

@online{delwp2020bioregions, 
  author={{Department of Environment, Land, Water & Planning}}, 
  url={https://www.environment.vic.gov.au/biodiversity/bioregions-and-evc-benchmarks}, 
  title={{Bioregions and EVC Benchmarks}}, 
  publisher={Victorian Government Department of Environment, Land, Water and Planning, Melbourne. Accessed June 2021)}, 
  year={2020}
} 

@article{hradsky2019foxnet,
  title={FoxNet: An individual-based model framework to support management of an invasive predator, the red fox},
  author={Hradsky, Bronwyn A and Kelly, Luke T and Robley, Alan and Wintle, Brendan A},
  journal={Journal of Applied Ecology},
  volume={56},
  number={6},
  pages={1460--1470},
  year={2019},
  doi={https://doi.org/10.1111/1365-2664.13374},
  publisher={Wiley Online Library}
}

@article{dexter2009impact,
  title={The impact of fox control on the relative abundance of forest mammals in {East Gippsland, Victoria}},
  author={Dexter, Nick and Murray, Andy},
  journal={Wildlife Research},
  volume={36},
  number={3},
  pages={252--261},
  year={2009},
  doi={https://doi.org/10.1071/WR08135},
  publisher={{CSIRO Publishing}}
}

@article{duncan2020eruptive,
  title={Eruptive dynamics are common in managed mammal populations},
  author={Duncan, Richard P and Dexter, Nick and Wayne, Adrian and Hone, Jim},
  journal={Ecology},
  volume={101},
  number={12},
  pages={e03175},
  year={2020},
  doi={https://doi.org/10.1002/ecy.3175},
  publisher={Wiley Online Library}
}

@article{johnson2009evidence,
author = {Johnson, Chris N. and VanDerWal, Jeremy},
title = {Evidence that dingoes limit abundance of a mesopredator in eastern {{A}ustralian} forests},
journal = {Journal of Applied Ecology},
volume = {46},
number = {3},
pages = {641-646},
keywords = {mesopredator release, predation, dingo Canis lupus dingo, red fox Vulpes vulpes, quantile regression, analytical methods},
doi = {https://doi.org/10.1111/j.1365-2664.2009.01650.x},
url = {https://besjournals.onlinelibrary.wiley.com/doi/abs/10.1111/j.1365-2664.2009.01650.x},
eprint = {https://besjournals.onlinelibrary.wiley.com/doi/pdf/10.1111/j.1365-2664.2009.01650.x},
year = {2009}
}

@article{riotte-lambert2020environmental,
title = {Environmental Predictability as a Cause and Consequence of Animal Movement},
journal = {Trends in Ecology & Evolution},
volume = {35},
number = {2},
pages = {163-174},
year = {2020},
issn = {0169-5347},
doi = {https://doi.org/10.1016/j.tree.2019.09.009},
url = {https://www.sciencedirect.com/science/article/pii/S0169534719302885},
author = {Louise Riotte-Lambert and Jason Matthiopoulos},
keywords = {animal movement, ecoevolutionary feedbacks, entropy, periodicity, routine behaviour, spatial memory}
}

@phdthesis{buckmaster2012ecology,
	author = {Buckmaster, Anthony John},
	institution = {University of Sydney},
	note = {Doctor of Philosophy},
	title = {Ecology of the feral cat (Felis catus) in the tall forests of {Far East Gippsland}},
	url = {http://hdl.handle.net/2123/8123},
	pages = {},
	year = {2012},
	school = {School of Biological Sciences}
}

@article{lombardi2017coyote,
  title={Coyote, fox, and bobcat response to anthropogenic and natural landscape features in a small urban area},
  author={Lombardi, Jason V and Comer, Christopher E and Scognamillo, Daniel G and Conway, Warren C},
  journal={Urban Ecosystems},
  volume={20},
  number={6},
  pages={1239--1248},
  year={2017},
  doi={https://doi.org/10.1007/s11252-017-0676-z},
  publisher={Springer}
}

@article{wilson2010prey,
  title={Prey-mediated avoidance of an intraguild predator by its intraguild prey},
  author={Wilson, Ryan R and Blankenship, Terry L and Hooten, Mevin B and Shivik, John A},
  journal={Oecologia},
  volume={164},
  number={4},
  pages={921--929},
  year={2010},
  doi={https://doi.org/10.1007/s00442-010-1797-8},
  publisher={Springer}
}

@article {sih1980optimal,
	author = {Sih, Andrew},
	title = {Optimal Behavior: Can Foragers Balance Two Conflicting Demands?},
	volume = {210},
	number = {4473},
	pages = {1041--1043},
	year = {1980},
	doi = {10.1126/science.210.4473.1041},
	publisher = {American Association for the Advancement of Science},
	issn = {0036-8075},
	URL = {https://science.sciencemag.org/content/210/4473/1041},
	eprint = {https://science.sciencemag.org/content/210/4473/1041.full.pdf},
	journal = {Science}
}

@article{bengsen2016feral,
author = {Bengsen, A. J. and Algar, D. and Ballard, G. and Buckmaster, T. and Comer, S. and Fleming, P. J. S. and Friend, J. A. and Johnston, M. and McGregor, H. and Moseby, K. and Zewe, F.},
title = {Feral cat home-range size varies predictably with landscape productivity and population density},
journal = {Journal of Zoology},
volume = {298},
number = {2},
pages = {112-120},
keywords = {environmental productivity, feral cats, fPAR, home-range size, landscape productivity, predator control, polygyny, solitary carnivore},
doi = {https://doi.org/10.1111/jzo.12290},
url = {https://zslpublications.onlinelibrary.wiley.com/doi/abs/10.1111/jzo.12290},
eprint = {https://zslpublications.onlinelibrary.wiley.com/doi/pdf/10.1111/jzo.12290},
year = {2016}
}

@article{neilson2018animal,
author = {Neilson, Eric W. and Avgar, Tal and Burton, A. Cole and Broadley, Kate and Boutin, Stan},
title = {Animal movement affects interpretation of occupancy models from camera-trap surveys of unmarked animals},
journal = {Ecosphere},
volume = {9},
number = {1},
pages = {e02092},
keywords = {animal movement, animal population density, camera trap, home range area, imperfect detection, movement simulations, wildlife monitoring},
doi = {https://doi.org/10.1002/ecs2.2092},
url = {https://esajournals.onlinelibrary.wiley.com/doi/abs/10.1002/ecs2.2092},
eprint = {https://esajournals.onlinelibrary.wiley.com/doi/pdf/10.1002/ecs2.2092},
year = {2018}
}

@article{stewart2018species,
author = {Stewart, Frances E. C. and Fisher, Jason T. and Burton, A. Cole and Volpe, John P.},
title = {Species occurrence data reflect the magnitude of animal movements better than the proximity of animal space use},
journal = {Ecosphere},
volume = {9},
number = {2},
pages = {e02112},
keywords = {abundance, activity center, camera trap, detection, Global Positioning System telemetry, movement, occupancy, Pekania pennanti, space use, species occurrence data},
doi = {https://doi.org/10.1002/ecs2.2112},
url = {https://esajournals.onlinelibrary.wiley.com/doi/abs/10.1002/ecs2.2112},
eprint = {https://esajournals.onlinelibrary.wiley.com/doi/pdf/10.1002/ecs2.2112},
year = {2018}
}


@article{hradsky2017bayesian,
author = {Hradsky, Bronwyn A. and Penman, Trent D. and Ababei, Dan and Hanea, Anca and Ritchie, Euan G. and York, Alan and Di Stefano, Julian},
title = {Bayesian networks elucidate interactions between fire and other drivers of terrestrial fauna distributions},
journal = {Ecosphere},
volume = {8},
number = {8},
pages = {e01926},
keywords = {{A}ustralia, critical-weight-range mammal, disturbance, Felis catus, fire management, forest, habitat complexity, non-parametric Bayesian network, predator–prey interaction, species distribution (niche) model, Vulpes vulpes},
url = {https://esajournals.onlinelibrary.wiley.com/doi/abs/10.1002/ecs2.1926},
eprint = {https://esajournals.onlinelibrary.wiley.com/doi/pdf/10.1002/ecs2.1926},
year = {2017}
}

@article{levi2012wolves,
author = {Levi, Taal and Wilmers, Christopher C.},
title = {Wolves–coyotes–foxes: a cascade among carnivores},
journal = {Ecology},
volume = {93},
number = {4},
pages = {921-929},
keywords = {coyote, fox, indirect effects, intraguild predation, mesopredator release, Minnesota, USA, predator interference, wolf},
doi = {https://doi.org/10.1890/11-0165.1},
url = {https://esajournals.onlinelibrary.wiley.com/doi/abs/10.1890/11-0165.1},
eprint = {https://esajournals.onlinelibrary.wiley.com/doi/pdf/10.1890/11-0165.1},
year = {2012}
}

@article{jachowski2020identifying,
author = {Jachowski, David S. and Butler, Andrew and Eng, Robin Y.Y. and Gigliotti, Laura and Harris, Stephen and Williams, Amanda},
title = {Identifying mesopredator release in multi-predator systems: a review of evidence from {North America}},
journal = {Mammal Review},
volume = {50},
number = {4},
pages = {367-381},
keywords = {coyote, food web, grey wolf, mesocarnivore, mesopredator release, North America, trophic cascade},
doi = {https://doi.org/10.1111/mam.12207},
url = {https://onlinelibrary.wiley.com/doi/abs/10.1111/mam.12207},
eprint = {https://onlinelibrary.wiley.com/doi/pdf/10.1111/mam.12207},
year = {2020}
}

@article{comer2020integrating,
  title={Integrating feral cat \textit{({Felis catus})} control into landscape-scale introduced predator management to improve conservation prospects for threatened fauna: a case study from the south coast of {Western {A}ustralia}},
  author={Comer, Sarah and Clausen, Lucy and Cowen, Saul and Pinder, Jeff and Thomas, Abby and Burbidge, Allan H and Tiller, Cameron and Algar, Dave and Speldewinde, Peter},
  journal={Wildlife Research},
  volume={47},
  number={8},
  pages={762--778},
  year={2020},
  doi={https://doi.org/10.1071/WR19217},
  publisher={{CSIRO Publishing}}
}

@article{wayne2017recoveries,
    author = {Wayne, Adrian F. and Maxwell, Marika A. and Ward, Colin G. and Wayne, Julia C. and Vellios, Chris V. and Wilson, Ian J.},
    title = "{Recoveries and cascading declines of native mammals associated with control of an introduced predator}",
    journal = {Journal of Mammalogy},
    volume = {98},
    number = {2},
    pages = {489-501},
    year = {2017},
    month = {03},
    issn = {0022-2372},
    doi = {10.1093/jmammal/gyw237},
    url = {https://doi.org/10.1093/jmammal/gyw237},
    eprint = {https://academic.oup.com/jmammal/article-pdf/98/2/489/11045703/gyw237.pdf},
}

@article{salo2010predator,
author = {Salo, Pälvi and Banks, Peter B. and Dickman, Chris R. and Korpimäki, Erkki},
title = {Predator manipulation experiments: impacts on populations of terrestrial vertebrate prey},
journal = {Ecological Monographs},
volume = {80},
number = {4},
pages = {531-546},
keywords = {meta-analysis, population limitation, predator–prey dynamics, predator removal, species interactions, wildlife management},
doi = {https://doi.org/10.1890/09-1260.1},
url = {https://esajournals.onlinelibrary.wiley.com/doi/abs/10.1890/09-1260.1},
eprint = {https://esajournals.onlinelibrary.wiley.com/doi/pdf/10.1890/09-1260.1},
year = {2010}
}

@article{ritchie2009predator,
author = {Ritchie, Euan G. and Johnson, Christopher N.},
title = {Predator interactions, mesopredator release and biodiversity conservation},
journal = {Ecology Letters},
volume = {12},
number = {9},
pages = {982-998},
keywords = {Carnivore, competition, distribution and abundance, extinction, foraging behaviour, interspecific killing, landscape of fear, predation, risk effects, trophic cascade},
doi = {https://doi.org/10.1111/j.1461-0248.2009.01347.x},
url = {https://onlinelibrary.wiley.com/doi/abs/10.1111/j.1461-0248.2009.01347.x},
eprint = {https://onlinelibrary.wiley.com/doi/pdf/10.1111/j.1461-0248.2009.01347.x},
year = {2009}
}

@article{arjo2007changes,
author = {Wendy M. Arjo and Eric M. Gese and Tim J. Bennett and Adam J. Kozlowski},
title = {{Changes in kit fox–coyote–prey relationships in the Great Basin Desert, Utah}},
volume = {67},
journal = {Western North American Naturalist},
number = {3},
publisher = {Monte L. Bean Life Science Museum, Brigham Young University},
pages = {389 -- 401},
keywords = {coyote, demographics, exotic annuals, jackrabbit, Kit Fox, leporids, small mammals},
year = {2007},
doi = {10.3398/1527-0904(2007)67[389:CIKFRI]2.0.CO;2},
URL = {https://doi.org/10.3398/1527-0904(2007)67[389:CIKFRI]2.0.CO;2}
}

@article{karki2007effects,
author={Karki, Seija M and Gese, Eric M and Klavetter, Mead L},
title = {Effects of Coyote Population Reduction on Swift Fox Demographics in {Southeastern Colorado}},
journal = {The Journal of Wildlife Management},
volume = {71},
number = {8},
pages = {2707-2718},
keywords = {Canis latrans, coyote, dispersal, predation, reproduction, survival, swift fox, Vulpes velox.},
doi = {https://doi.org/10.2193/2006-275},
url = {https://wildlife.onlinelibrary.wiley.com/doi/abs/10.2193/2006-275},
eprint = {https://wildlife.onlinelibrary.wiley.com/doi/pdf/10.2193/2006-275},
year = {2007}
}

@article{thompson2007food,
author = {Thompson, Craig M. and Gese, Eric M.},
title = {Food webs and intraguild predation: community interactions of a native mesocarnivore},
journal = {Ecology},
volume = {88},
number = {2},
pages = {334-346},
keywords = {asymmetrical competition, Colorado, USA, food web, intraguild predation, safety match, Sobel test, swift fox, Vulpes velox},
doi = {https://doi.org/10.1890/0012-9658(2007)88[334:FWAIPC]2.0.CO;2},
url = {https://esajournals.onlinelibrary.wiley.com/doi/abs/10.1890/0012-9658%282007%2988%5B334%3AFWAIPC%5D2.0.CO%3B2},
eprint = {https://esajournals.onlinelibrary.wiley.com/doi/pdf/10.1890/0012-9658%282007%2988%5B334%3AFWAIPC%5D2.0.CO%3B2},
year = {2007}
}

@article{berger2008indirect,
author = {Berger, Kim Murray and Gese, Eric M. and Berger, Joel},
title={Indirect effects and traditional trophic cascades: a test involving wolves, coyotes, and pronghorn},
journal = {Ecology},
volume = {89},
number = {3},
pages = {818-828},
keywords = {Antilocapra americana, Canis latrans, Canis lupus, carnivore competition, mesopredator release hypothesis, predator–prey, Program MARK},
doi = {https://doi.org/10.1890/07-0193.1},
url = {https://esajournals.onlinelibrary.wiley.com/doi/abs/10.1890/07-0193.1},
eprint = {https://esajournals.onlinelibrary.wiley.com/doi/pdf/10.1890/07-0193.1},
year = {2008}
}

@article{jones2008sudden,
    author = {Jones, Krista L. and Van Vuren, Dirk H. and Crooks, Kevin R.},
    title = "{Sudden Increase in a Rare Endemic Carnivore: Ecology of the Island Spotted Skunk}",
    journal = {Journal of Mammalogy},
    volume = {89},
    number = {1},
    pages = {75-86},
    year = {2008},
    month = {02},
    issn = {0022-2372},
    doi = {10.1644/07-MAMM-A-034.1},
    url = {https://doi.org/10.1644/07-MAMM-A-034.1},
    eprint = {https://academic.oup.com/jmammal/article-pdf/89/1/75/3384567/89-1-75.pdf},
}

@article {woinarski2015ongoing,
	author = {Woinarski, John C.Z. and Burbidge, Andrew A. and Harrison, Peter L.},
	title = {Ongoing unraveling of a continental fauna: Decline and extinction of {{A}ustralian} mammals since {European} settlement},
	volume = {112},
	number = {15},
	pages = {4531--4540},
	year = {2015},
	doi = {10.1073/pnas.1417301112},
	publisher = {National Academy of Sciences},
	issn = {0027-8424},
	URL = {https://www.pnas.org/content/112/15/4531},
	eprint = {https://www.pnas.org/content/112/15/4531.full.pdf},
	journal = {Proceedings of the National Academy of Sciences}
}

@article{cumming2005inference,
  title={Inference by eye: confidence intervals and how to read pictures of data.},
  author={Cumming, Geoff and Finch, Sue},
  journal={American Psychologist},
  volume={60},
  number={2},
  pages={170},
  year={2005},
  doi={https://doi.org/10.1037/0003-066X.60.2.170},
  publisher={American Psychological Association}
}

@article{greenville2014bottom,
  title={Bottom-up and top-down processes interact to modify intraguild interactions in resource-pulse environments},
  author={Greenville, Aaron C and Wardle, Glenda M and Tamayo, Bobby and Dickman, Chris R},
  journal={Oecologia},
  volume={175},
  number={4},
  pages={1349--1358},
  year={2014},
  doi={https://doi.org/10.1007/s00442-014-2977-8},
  publisher={Springer}
}

@article{stobo2021reptiles,
  title={Reptiles as food: predation of {{A}ustralian} reptiles by introduced red foxes compounds and complements predation by cats},
  author={Stobo-Wilson, Alyson M and Murphy, Brett P and Legge, Sarah M and Chapple, David G and Crawford, Heather M and Dawson, Stuart J and Dickman, Chris R and Doherty, Tim S and Fleming, Patricia A and Gentle, Matthew and others},
  journal={Wildlife Research},
  volume={48},
  number={5},
  pages={470--480},
  year={2021},
  doi={https://doi.org/10.1071/WR20194},
  publisher={{CSIRO Publishing}}
}

@article{stobo2021sharing,
title = {Sharing meals: predation on {{A}ustralian} mammals by the introduced European red fox compounds and complements predation by feral cats},
journal = {Biological Conservation},
volume = {261},
pages = {109284},
year = {2021},
issn = {0006-3207},
doi = {https://doi.org/10.1016/j.biocon.2021.109284},
url = {https://www.sciencedirect.com/science/article/pii/S0006320721003360},
author = {Alyson M. Stobo-Wilson and Brett P. Murphy and Heather M. Crawford and Stuart J. Dawson and Chris R. Dickman and Tim S. Doherty and Patricia A. Fleming and Matthew N. Gentle and Sarah M. Legge and Thomas M. Newsome and Russell Palmer and Matthew W. Rees and Euan G. Ritchie and James Speed and John-Michael Stuart and Eilysh Thompson and Jeff Turpin and John C.Z. Woinarski},
keywords = {Bat, Diet, Extinction, Invasive species, Marsupial, Rodent, Threatened species}
}

@article{chandler2013spatially,
 ISSN = {19326157, 19417330},
 URL = {http://www.jstor.org/stable/23566419},
 author = {Richard B. Chandler and J. Andrew Royle},
 journal = {The Annals of Applied Statistics},
 number = {2},
 pages = {936--954},
 publisher = {Institute of Mathematical Statistics},
 title = {Spatially explicit models for inference about density in unmarked or partially marked populations},
 volume = {7},
 year = {2013}
}

@article{pedersen2019hierarchical,
  title={Hierarchical generalized additive models in ecology: an introduction with mgcv},
  author={Pedersen, Eric J and Miller, David L and Simpson, Gavin L and Ross, Noam},
  journal={PeerJ},
  volume={7},
  pages={e6876},
  year={2019},
  publisher={PeerJ Inc.},
  doi = {https://doi.org/10.7717/peerj.6876}
}


@article{swan2021species,
  title={Species distribution models for conservation planning in fire-prone landscapes},
  author={Swan, Matthew and Le Pla, Mark and Di Stefano, Julian and Pascoe, Jack and Penman, Trent D},
  journal={Biodiversity and Conservation},
  volume={30},
  number={4},
  pages={1119--1136},
  year={2021},
  publisher={Springer},
  doi = {https://doi.org/10.1007/s10531-021-02136-4}
}


@article{mccollgausden2019pathways,
title = {Pathways of change: Predicting the effects of fire on flammability},
journal = {Journal of Environmental Management},
volume = {232},
pages = {243-253},
year = {2019},
issn = {0301-4797},
doi = {https://doi.org/10.1016/j.jenvman.2018.11.063},
url = {https://www.sciencedirect.com/science/article/pii/S0301479718313288},
author = {Sarah C. McColl-Gausden and Trent D. Penman},
keywords = {Flammability, Prescribed burning, Wildfire, Succession, Fire management, Forest, Heathland, Woodland},
}

@article{hale2016fire,
author = {Hale, Susannah and Nimmo, Dale G. and Cooke, Raylene and Holland, Greg and James, Simon and Stevens, Michael and De Bondi, Natasha and Woods, Rachel and Castle, Michael and Campbell, Kristin and Senior, Katharine and Cassidy, Simon and Duffy, Ryan and Holmes, Ben and White, John G.},
title = {Fire and climatic extremes shape mammal distributions in a fire-prone landscape},
journal = {Diversity and Distributions},
volume = {22},
number = {11},
pages = {1127-1138},
keywords = {climatic extremes, disturbance, fire, interactions, optimization, small mammals, succession},
doi = {https://doi.org/10.1111/ddi.12471},
url = {https://onlinelibrary.wiley.com/doi/abs/10.1111/ddi.12471},
eprint = {https://onlinelibrary.wiley.com/doi/pdf/10.1111/ddi.12471},
year = {2016}
}

@article{garrard2008when,
author = {Garrard, Georgia E. and Bekkessy, Sarah A. and McCarthy, Michael A. and Wintle, Brendan A.},
title = {When have we looked hard enough? A novel method for setting minimum survey effort protocols for flora surveys},
journal = {Austral Ecology},
volume = {33},
number = {8},
pages = {986-998},
keywords = {detectability, false-negative, impact assessment, statistical power, survey effort, type II error},
doi = {https://doi.org/10.1111/j.1442-9993.2008.01869.x},
url = {https://onlinelibrary.wiley.com/doi/abs/10.1111/j.1442-9993.2008.01869.x},
eprint = {https://onlinelibrary.wiley.com/doi/pdf/10.1111/j.1442-9993.2008.01869.x},
year = {2008}
}

@article{vazquez2019comparing,
author = {Vazquez, Carmen and Rowcliffe, J. Marcus and Spoelstra, Kamiel and Jansen, Patrick A.},
title = {Comparing diel activity patterns of wildlife across latitudes and seasons: Time transformations using day length},
journal = {Methods in Ecology and Evolution},
volume = {10},
number = {12},
pages = {2057-2066},
keywords = {activity level, activity pattern, camera trapping, day length, diel activity, double anchoring, equinoctial anchoring, seasonal variation, mouflon, red deer},
doi = {https://doi.org/10.1111/2041-210X.13290},
url = {https://besjournals.onlinelibrary.wiley.com/doi/abs/10.1111/2041-210X.13290},
eprint = {https://besjournals.onlinelibrary.wiley.com/doi/pdf/10.1111/2041-210X.13290},
year = {2019}
}

@Manual{rowcliffe_activity,
    title = {activity: Animal Activity Statistics},
    author = {Marcus Rowcliffe},
    year = {2019},
    note = {R package version 1.3},
    url = {https://CRAN.R-project.org/package=activity},
  }
  
  

@Article{reshape,
    title = {Reshaping Data with the {reshape} Package},
    author = {Hadley Wickham},
    journal = {Journal of Statistical Software},
    year = {2007},
    volume = {21},
    number = {12},
    pages = {1--20},
    url = {http://www.jstatsoft.org/v21/i12/},
  }


@Manual{DHARMa,
    title = {DHARMa: Residual Diagnostics for Hierarchical (Multi-Level / Mixed)
Regression Models},
    author = {Florian Hartig},
    year = {2020},
    note = {R package version 0.3.3.0},
    url = {https://CRAN.R-project.org/package=DHARMa},
  }

@Manual{gratia,
    title = {{g}ratia: Graceful 'ggplot'-Based Graphics and Other Functions for GAMs
Fitted Using 'mgcv'},
    author = {Gavin L. Simpson},
    year = {2021},
    note = {R package version 0.6.0},
    url = {https://gavinsimpson.github.io/gratia/},
  }

@Manual{dplyr,
    title = {dplyr: A Grammar of Data Manipulation},
    author = {Hadley Wickham and Romain François and Lionel Henry and Kirill Müller},
    year = {2022},
    note = {R package version 1.0.8},
    url = {https://CRAN.R-project.org/package=dplyr},
  }
  
@Book{ggplot2,
    author = {Hadley Wickham},
    title = {{g}gplot2: Elegant Graphics for Data Analysis},
    publisher = {Springer-Verlag New York},
    year = {2016},
    isbn = {978-3-319-24277-4},
    url = {https://ggplot2.tidyverse.org},
  }

@article{iannarilli2019lorelograms,
author = {Iannarilli, Fabiola and Arnold, Todd W. and Erb, John and Fieberg, John R.},
title = {Using lorelograms to measure and model correlation in binary data: Applications to ecological studies},
journal = {Methods in Ecology and Evolution},
volume = {10},
number = {12},
pages = {2153-2162},
keywords = {activity patterns, binary data, camera traps, data aggregation, lorelogram, spatio-temporal correlation, species interactions, statistical independence},
doi = {https://doi.org/10.1111/2041-210X.13308},
url = {https://besjournals.onlinelibrary.wiley.com/doi/abs/10.1111/2041-210X.13308},
eprint = {https://besjournals.onlinelibrary.wiley.com/doi/pdf/10.1111/2041-210X.13308},
year = {2019}
}

@Manual{maptools,
    title = {maptools: Tools for Handling Spatial Objects},
    author = {Roger Bivand and Nicholas Lewin-Koh},
    year = {2021},
    note = {R package version 1.1-1},
    url = {https://CRAN.R-project.org/package=maptools},
  }

@article{marra2011practical,
title = {Practical variable selection for generalized additive models},
journal = {Computational Statistics & Data Analysis},
volume = {55},
number = {7},
pages = {2372-2387},
year = {2011},
issn = {0167-9473},
doi = {https://doi.org/10.1016/j.csda.2011.02.004},
url = {https://www.sciencedirect.com/science/article/pii/S0167947311000491},
author = {Giampiero Marra and Simon N. Wood},
keywords = {Generalized additive model, Nonnegative garrote estimator, Penalized thin plate regression spline, Practical variable selection, Shrinkage smoother}
}

@article{newsome2017top,
  title={Top predators constrain mesopredator distributions},
  author={Newsome, Thomas M and Greenville, Aaron C and {\'C}irovi{\'c}, Du{\v{s}}ko and Dickman, Christopher R and Johnson, Chris N and Krofel, Miha and Letnic, Mike and Ripple, William J and Ritchie, Euan G and Stoyanov, Stoyan and others},
  journal={Nature Communications},
  volume={8},
  number={1},
  pages={1--7},
  year={2017},
  doi={https://doi.org/10.1038/ncomms15469},
  publisher={Nature Publishing Group}
}

@article{kronfeld2013animal,
  author={Kronfeld-Schor, Noga and Bloch, Guy and Schwartz, William J},
  title = {Animal clocks: when science meets nature},
  journal = {Proceedings of the Royal Society B: Biological Sciences},
  volume = {280},
  number = {1765},
  pages = {20131354},
  year = {2013},
  doi = {10.1098/rspb.2013.1354},
  URL = {https://royalsocietypublishing.org/doi/abs/10.1098/rspb.2013.1354},
  eprint = {https://royalsocietypublishing.org/doi/pdf/10.1098/rspb.2013.1354}
}

@article{creel2008relationships,
title = {Relationships between direct predation and risk effects},
journal = {Trends in Ecology & Evolution},
volume = {23},
number = {4},
pages = {194-201},
year = {2008},
issn = {0169-5347},
doi = {https://doi.org/10.1016/j.tree.2007.12.004},
url = {https://www.sciencedirect.com/science/article/pii/S0169534708000566},
author = {Scott Creel and David Christianson},
}

@article {lamb2020ecology,
	author = {Lamb, Clayton T. and Ford, Adam T. and McLellan, Bruce N. and Proctor, Michael F. and Mowat, Garth and Ciarniello, Lana and Nielsen, Scott E. and Boutin, Stan},
	title = {The ecology of human-carnivore coexistence},
	volume = {117},
	number = {30},
	pages = {17876--17883},
	year = {2020},
	doi = {10.1073/pnas.1922097117},
	publisher = {National Academy of Sciences},
	issn = {0027-8424},
	URL = {https://www.pnas.org/content/117/30/17876},
	eprint = {https://www.pnas.org/content/117/30/17876.full.pdf},
	journal = {Proceedings of the National Academy of Sciences}
}

@article{kohl2019prey,
author = {Kohl, Michel T. and Ruth, Toni K. and Metz, Matthew C. and Stahler, Daniel R. and Smith, Douglas W. and White, P.J. and MacNulty, Daniel R.},
title = {Do prey select for vacant hunting domains to minimize a multi-predator threat?},
journal = {Ecology Letters},
volume = {22},
number = {11},
pages = {1724-1733},
keywords = {Antipredator behaviour, cougar, diel activity, elk, habitat selection, predation risk, predator facilitation, risk enhancement, synergistic predation, wolf},
doi = {https://doi.org/10.1111/ele.13319},
url = {https://onlinelibrary.wiley.com/doi/abs/10.1111/ele.13319},
eprint = {https://onlinelibrary.wiley.com/doi/pdf/10.1111/ele.13319},
year = {2019}
}

@article{basille2015plastic,
author = {Basille, Mathieu and Fortin, Daniel and Dussault, Christian and Bastille-Rousseau, Guillaume and Ouellet, Jean-Pierre and Courtois, Réhaume},
title = {Plastic response of fearful prey to the spatiotemporal dynamics of predator distribution},
journal = {Ecology},
volume = {96},
number = {10},
pages = {2622-2631},
keywords = {antipredator behavior, boreal woodland caribou, Canis lupus, Côte-Nord region, Québec, Canada, gray wolf, movement, predation risk, predator–prey relationships, prey cognition, Rangifer tarandus, risk effects, step selection functions},
doi = {https://doi.org/10.1890/14-1706.1},
url = {https://esajournals.onlinelibrary.wiley.com/doi/abs/10.1890/14-1706.1},
eprint = {https://esajournals.onlinelibrary.wiley.com/doi/pdf/10.1890/14-1706.1},
year = {2015}
}

@article{kolk2021time-limited,
author = {van der Kolk, Henk-Jan and Ens, Bruno J. and Frauendorf, Magali and Jongejans, Eelke and Oosterbeek, Kees and Bouten, Willem and van de Pol, Martijn},
title = {Why time-limited individuals can make populations more vulnerable to disturbance},
journal = {Oikos},
volume = {130},
number = {4},
pages = {637-651},
keywords = {disturbance, foraging time, individual variation, population, recreation ecology, shorebirds},
doi = {https://doi.org/10.1111/oik.08031},
url = {https://onlinelibrary.wiley.com/doi/abs/10.1111/oik.08031},
eprint = {https://onlinelibrary.wiley.com/doi/pdf/10.1111/oik.08031},
year = {2021}
}

@article{wolf2012animal,
title = {Animal personalities: consequences for ecology and evolution},
journal = {Trends in Ecology & Evolution},
volume = {27},
number = {8},
pages = {452-461},
year = {2012},
issn = {0169-5347},
doi = {https://doi.org/10.1016/j.tree.2012.05.001},
url = {https://www.sciencedirect.com/science/article/pii/S0169534712001139},
author = {Max Wolf and Franz J. Weissing}
}

@article{smith2019integrating,
  title={Integrating temporal refugia into landscapes of fear: prey exploit predator downtimes to forage in risky places},
  author={Smith, Justine A and Donadio, Emiliano and Pauli, Jonathan N and Sheriff, Michael J and Middleton, Arthur D},
  journal={Oecologia},
  volume={189},
  number={4},
  pages={883--890},
  year={2019},
  publisher={Springer},
  doi={https://doi.org/10.1007/s00442-019-04381-5}
}

@article{lashley2018estimating,
  title={Estimating wildlife activity curves: comparison of methods and sample size},
  author={Lashley, Marcus A and Cove, Michael V and Chitwood, M Colter and Penido, Gabriel and Gardner, Beth and DePerno, Chris S and Moorman, Chris E},
  journal={Scientific Reports},
  volume={8},
  number={1},
  pages={1--11},
  year={2018},
  doi={https://doi.org/10.1038/s41598-018-22638-6},
  publisher={Nature Publishing Group}
}

@article{harmsen2009spatial,
    author = {Harmsen, Bart J. and Foster, Rebecca J. and Silver, Scott C. and Ostro, Linde E. T. and Doncaster, C. Patrick},
    title = "{Spatial and Temporal Interactions of Sympatric Jaguars (Panthera onca) and Pumas (Puma concolor) in a Neotropical Forest}",
    journal = {Journal of Mammalogy},
    volume = {90},
    number = {3},
    pages = {612-620},
    year = {2009},
    month = {06},
    issn = {0022-2372},
    doi = {10.1644/08-MAMM-A-140R.1},
    url = {https://doi.org/10.1644/08-MAMM-A-140R.1},
    eprint = {https://academic.oup.com/jmammal/article-pdf/90/3/612/2594680/90-3-612.pdf},
}

@article{distiller2020using,
author = {Distiller, Greg B. and Borchers, David L. and Foster, Rebecca J. and Harmsen, Bart J.},
title = {Using Continuous-Time Spatial Capture–Recapture models to make inference about animal activity patterns},
journal = {Ecology and Evolution},
volume = {10},
number = {20},
pages = {e6822},
keywords = {activity patterns, behavioral ecology, continuous-time spatial capture–recapture, spatial capture–recapture, temporal partitioning},
doi = {https://doi.org/10.1002/ece3.6822},
url = {https://onlinelibrary.wiley.com/doi/abs/10.1002/ece3.6822},
eprint = {https://onlinelibrary.wiley.com/doi/pdf/10.1002/ece3.6822},
year = {2020}
}

@article{cunningham2019temporal,
author = {Cunningham, Calum X. and Scoleri, Vince and Johnson, Christopher N. and Barmuta, Leon A. and Jones, Menna E.},
title = {Temporal partitioning of activity: rising and falling top-predator abundance triggers community-wide shifts in diel activity},
journal = {Ecography},
volume = {42},
number = {12},
pages = {2157-2168},
keywords = {apex predator, ecology of fear, invasive species, mesopredator release, predator–prey, temporal partitioning of activity, trophic cascade},
doi = {https://doi.org/10.1111/ecog.04485},
url = {https://onlinelibrary.wiley.com/doi/abs/10.1111/ecog.04485},
eprint = {https://onlinelibrary.wiley.com/doi/pdf/10.1111/ecog.04485},
year = {2019}
}

@article{kronfeld2003partitioning,
  title={Partitioning of time as an ecological resource},
  author={Kronfeld-Schor, Noga and Dayan, Tamar},
  journal={Annual Review of Ecology, Evolution, and Systematics},
  volume={34},
  number={1},
  pages={153--181},
  year={2003},
  doi={https://doi.org/10.1146/annurev.ecolsys.34.011802.132435},
  publisher={Annual Reviews 4139 El Camino Way, PO Box 10139, Palo Alto, CA 94303-0139, USA}
}

@article{fenn1995use,
  title={Use of middens by red foxes: risk reverses rhythms of rats},
  author={Fenn, Michael GP and Macdonald, David W},
  journal={Journal of Mammalogy},
  volume={76},
  number={1},
  pages={130--136},
  year={1995},
  doi={https://doi.org/10.2307/1382321},
  publisher={American Society of Mammalogists 810 East 10th Street, PO Box 1897, Lawrence~…}
}

@article{graipel2014role,
  title={The role of melanism in oncillas on the temporal segregation of nocturnal activity},
  author={Graipel, ME and Oliveira-Santos, LGR and Goulart, FVB and Tortato, MA and Miller, PRM and C{\'a}ceres, NC},
  journal={Brazilian Journal of Biology},
  volume={74},
  pages={S142--S145},
  year={2014},
  doi={https://doi.org/10.1590/1519-6984.14312},
  publisher={SciELO Brasil}
}

@article{fancourt2019introduced,
author = {Fancourt, Bronwyn A. and Cremasco, Peter and Wilson, Cameron and Gentle, Matthew N.},
title = {Do introduced apex predators suppress introduced mesopredators? A multiscale spatiotemporal study of dingoes and feral cats in {A}ustralia suggests not},
journal = {Journal of Applied Ecology},
volume = {56},
number = {12},
pages = {2584-2595},
keywords = {avoidance, invasive, mesocarnivore, mesopredator release, reintroduction, restoration, suppression, trophic cascade},
doi = {https://doi.org/10.1111/1365-2664.13514},
url = {https://besjournals.onlinelibrary.wiley.com/doi/abs/10.1111/1365-2664.13514},
eprint = {https://besjournals.onlinelibrary.wiley.com/doi/pdf/10.1111/1365-2664.13514},
year = {2019}
}

@article{stobo2020habitat,
author = {Stobo-Wilson, Alyson M. and Stokeld, Danielle and Einoder, Luke D. and Davies, Hugh F. and Fisher, Alaric and Hill, Brydie M. and Mahney, Terry and Murphy, Brett P. and Stevens, Alys and Woinarski, John C. Z. and Rangers, Bawinanga and Warddeken Rangers and Gillespie, Graeme R.},
title = {Habitat structural complexity explains patterns of feral cat and dingo occurrence in monsoonal {A}ustralia},
journal = {Diversity and Distributions},
volume = {26},
number = {7},
pages = {832-842},
keywords = {critical weight range, mammal decline, northern {A}ustralia, occupancy model, predators, top predator},
doi = {https://doi.org/10.1111/ddi.13065},
url = {https://onlinelibrary.wiley.com/doi/abs/10.1111/ddi.13065},
eprint = {https://onlinelibrary.wiley.com/doi/pdf/10.1111/ddi.13065},
year = {2020}
}

@article{roshier2021space,
author = {Roshier, David A. and Carter, Andrew},
title = {Space use and interactions of two introduced mesopredators, European red fox and feral cat, in an arid landscape},
journal = {Ecosphere},
volume = {12},
number = {7},
pages = {e03628},
keywords = {dynamic interactions, European red fox, feral cat, GPS telemetry, invasive predators, predator management, space use},
doi = {https://doi.org/10.1002/ecs2.3628},
url = {https://esajournals.onlinelibrary.wiley.com/doi/abs/10.1002/ecs2.3628},
eprint = {https://esajournals.onlinelibrary.wiley.com/doi/pdf/10.1002/ecs2.3628},
year = {2021}
}

@article{biro2008sampling,
  title={Sampling bias resulting from animal personality.},
  author={Biro, Peter A and Dingemanse, Niels J},
  journal={Trends in Ecology \& Evolution},
  volume={24},
  number={2},
  pages={66--67},
  doi={10.1016/j.tree.2008.11.001},
  year={2008}
}

@article{fraser1997costs,
author = {Fraser, N. H. C. and Metcalfe, N. B.},
title = {The costs of becoming nocturnal: feeding efficiency in relation to light intensity in juvenile Atlantic Salmon},
journal = {Functional Ecology},
volume = {11},
number = {3},
pages = {385-391},
keywords = {Fish vision, foraging, invertebrate drift, Salmo salar, winter},
doi = {https://doi.org/10.1046/j.1365-2435.1997.00098.x},
url = {https://besjournals.onlinelibrary.wiley.com/doi/abs/10.1046/j.1365-2435.1997.00098.x},
eprint = {https://besjournals.onlinelibrary.wiley.com/doi/pdf/10.1046/j.1365-2435.1997.00098.x},
year = {1997}
}

@Inbook{daan1981adaptive,
author="Daan, Serge",
title="Adaptive Daily Strategies in Behavior",
bookTitle="Biological Rhythms",
year="1981",
publisher="Springer Publishing",
pages="275--298",
isbn="978-1-4615-6552-9",
doi="10.1007/978-1-4615-6552-9_15",
url="https://doi.org/10.1007/978-1-4615-6552-9_15"
}

@article {schoener1974compression,
	author = {Schoener, Thomas W.},
	title = {The Compression Hypothesis and Temporal Resource Partitioning},
	volume = {71},
	number = {10},
	pages = {4169--4172},
	year = {1974},
	doi = {10.1073/pnas.71.10.4169},
	publisher = {National Academy of Sciences},
	issn = {0027-8424},
	URL = {https://www.pnas.org/content/71/10/4169},
	eprint = {https://www.pnas.org/content/71/10/4169.full.pdf},
	journal = {Proceedings of the National Academy of Sciences}
}

@article{lima1990behavioral,
  title={Behavioral decisions made under the risk of predation: a review and prospectus},
  author={Lima, Steven L and Dill, Lawrence M},
  journal={Canadian Journal of Zoology},
  volume={68},
  number={4},
  pages={619--640},
  year={1990},
  doi={https://doi.org/10.1139/z90-092},
  publisher={NRC Research Press Ottawa, Canada}
}


@article{carothers1984time,
  title={Time as a niche difference: the role of interference competition},
  author={Carothers, John H and Jaksi{\'c}, Fabian M},
  journal={Oikos},
  pages={403--406},
  year={1984},
  doi={https://doi.org/10.2307/3544413},
  publisher={JSTOR}
}

@article{cunningham2019trophic,
author = {Cunningham, Calum X. and Johnson, Christopher N. and Hollings, Tracey and Kreger, Kaely and Jones, Menna E.},
title = {Trophic rewilding establishes a landscape of fear: Tasmanian devil introduction increases risk-sensitive foraging in a key prey species},
journal = {Ecography},
volume = {42},
number = {12},
pages = {2053-2059},
keywords = {apex predator, giving-up densities, landscape of fear, predator–prey, trophic cascade, trophic rewilding},
doi = {https://doi.org/10.1111/ecog.04635},
url = {https://onlinelibrary.wiley.com/doi/abs/10.1111/ecog.04635},
eprint = {https://onlinelibrary.wiley.com/doi/pdf/10.1111/ecog.04635},
year = {2019}
}

@article{quinn2012personality,
  title={Personality predicts individual responsiveness to the risks of starvation and predation},
  author={Quinn, John L and Cole, EF and Bates, J and Payne, RW and Cresswell, W},
  journal={Proceedings of the Royal Society B: Biological Sciences},
  volume={279},
  number={1735},
  pages={1919--1926},
  year={2012},
  doi={https://doi.org/10.1098/rspb.2011.2227},
  publisher={The Royal Society}
}

@article{bonnot2014interindividual,
    author = {Bonnot, Nadège and Verheyden, Hélène and Blanchard, Pierrick and Cote, Julien and Debeffe, Lucie and Cargnelutti, Bruno and Klein, François and Hewison, A.J. Mark and Morellet, Nicolas},
    title = "{Interindividual variability in habitat use: evidence for a risk management syndrome in roe deer?}",
    journal = {Behavioral Ecology},
    volume = {26},
    number = {1},
    pages = {105-114},
    year = {2014},
    month = {09},
    issn = {1045-2249},
    doi = {10.1093/beheco/aru169},
    url = {https://doi.org/10.1093/beheco/aru169},
    eprint = {https://academic.oup.com/beheco/article-pdf/26/1/105/17283268/aru169.pdf},
}

@article{swan2017ecology,
title = {Ecology of Problem Individuals and the Efficacy of Selective Wildlife Management},
journal = {Trends in Ecology & Evolution},
volume = {32},
number = {7},
pages = {518-530},
year = {2017},
issn = {0169-5347},
doi = {https://doi.org/10.1016/j.tree.2017.03.011},
url = {https://www.sciencedirect.com/science/article/pii/S0169534717300861},
author = {George J.F. Swan and Steve M. Redpath and Stuart Bearhop and Robbie A. McDonald},
keywords = {individual variation, predation, lethal control, conservation conflicts, wildlife management},
}

@article{gaynor2021applied,
author = {Gaynor, Kaitlyn M. and Cherry, Michael J. and Gilbert, Sophie L. and Kohl, Michel T. and Larson, Courtney L. and Newsome, Thomas M. and Prugh, Laura R. and Suraci, Justin P. and Young, Julie K. and Smith, Justine A.},
title = {An applied ecology of fear framework: linking theory to conservation practice},
journal = {Animal Conservation},
volume = {24},
number = {3},
pages = {308-321},
keywords = {human–wildlife conflict, hunting, predation risk, predator–prey, reintroduction, wildlife management},
doi = {https://doi.org/10.1111/acv.12629},
url = {https://zslpublications.onlinelibrary.wiley.com/doi/abs/10.1111/acv.12629},
eprint = {https://zslpublications.onlinelibrary.wiley.com/doi/pdf/10.1111/acv.12629},
year = {2021}
}

@article{gaynor2019landscapes,
title = {Landscapes of Fear: Spatial Patterns of Risk Perception and Response},
journal = {Trends in Ecology & Evolution},
volume = {34},
number = {4},
pages = {355-368},
year = {2019},
issn = {0169-5347},
doi = {https://doi.org/10.1016/j.tree.2019.01.004},
url = {https://www.sciencedirect.com/science/article/pii/S0169534719300199},
author = {Kaitlyn M. Gaynor and Joel S. Brown and Arthur D. Middleton and Mary E. Power and Justin S. Brashares},
keywords = {landscape of fear, nonlethal effects, predator–prey, predation risk, risk effects, antipredator behavior},
}

@article{guillaume2020co,
author = {Blanchet, F. Guillaume and Cazelles, Kevin and Gravel, Dominique},
title = {Co-occurrence is not evidence of ecological interactions},
journal = {Ecology Letters},
volume = {23},
number = {7},
pages = {1050-1063},
keywords = {Co-occurrence analysis, co-occurrence networks, ecological interactions, presence–absence data, statistical inference},
doi = {https://doi.org/10.1111/ele.13525},
url = {https://onlinelibrary.wiley.com/doi/abs/10.1111/ele.13525},
eprint = {https://onlinelibrary.wiley.com/doi/pdf/10.1111/ele.13525},
year = {2020}
}

@article{prugh2020enemies,
  title={Enemies with benefits: integrating positive and negative interactions among terrestrial carnivores},
  author={Prugh, Laura R and Sivy, Kelly J},
  journal={Ecology Letters},
  volume={23},
  number={5},
  pages={902--918},
  year={2020},
  doi={10.1111/ele.13489},
  publisher={Wiley Online Library}
}

@article{ripple2014status,
author = {William J. Ripple  and James A. Estes  and Robert L. Beschta  and Christopher C. Wilmers  and Euan G. Ritchie  and Mark Hebblewhite  and Joel Berger  and Bodil Elmhagen  and Mike Letnic  and Michael P. Nelson  and Oswald J. Schmitz  and Douglas W. Smith  and Arian D. Wallach  and Aaron J. Wirsing },
title = {Status and Ecological Effects of the World\&\#x2019;s Largest Carnivores},
journal = {Science},
volume = {343},
number = {6167},
pages = {1241484},
year = {2014},
doi = {10.1126/science.1241484},
URL = {https://www.science.org/doi/abs/10.1126/science.1241484},
eprint = {https://www.science.org/doi/pdf/10.1126/science.1241484}
}

@article{bellard2016global,
  title={Global patterns in threats to vertebrates by biological invasions},
  author={Bellard, C and Genovesi, P and Jeschke, JM},
  journal={Proceedings of the Royal Society B: Biological Sciences},
  volume={283},
  number={1823},
  pages={20152454},
  doi={https://doi.org/10.1098/rspb.2015.2454},
  year={2016},
  publisher={The Royal Society}
}

@article {doherty2016invasive,
	author = {Doherty, Tim S. and Glen, Alistair S. and Nimmo, Dale G. and Ritchie, Euan G. and Dickman, Chris R.},
	title = {Invasive predators and global biodiversity loss},
	volume = {113},
	number = {40},
	pages = {11261--11265},
	year = {2016},
	doi = {10.1073/pnas.1602480113},
	publisher = {National Academy of Sciences},
	issn = {0027-8424},
	URL = {https://www.pnas.org/content/113/40/11261},
	eprint = {https://www.pnas.org/content/113/40/11261.full.pdf},
	journal = {Proceedings of the National Academy of Sciences}
}

@article{philip2019institutionalisation,
    author = {Philip, Justine},
    title = "{The Institutionalisation of Poison: A historical review of vertebrate pest control in {A}ustralia, 1814 to 2018}",
    journal = {{A}ustralian Zoologist},
    volume = {40},
    number = {1},
    pages = {129-139},
    year = {2019},
    month = {01},
    issn = {0067-2238},
    doi = {10.7882/AZ.2018.025},
    url = {https://doi.org/10.7882/AZ.2018.025},
    eprint = {https://meridian.allenpress.com/australian-zoologist/article-pdf/40/1/129/2617906/az\_2018\_025.pdf},
}

@book{smith2015dingo,
  title={The dingo debate: origins, behaviour and conservation},
  author={Smith, Bradley},
  year={2015},
  publisher={{CSIRO Publishing}}
}

@article{murphy2014critical,
author = {Murphy, Brett P. and Davies, Hugh F.},
title = {There is a critical weight range for {A}ustralia's declining tropical mammals},
journal = {Global Ecology and Biogeography},
volume = {23},
number = {9},
pages = {1058-1061},
keywords = {Critical weight range, extinction, feral cat, mammal, marsupial, predation, red fox, rodent},
doi = {https://doi.org/10.1111/geb.12173},
url = {https://onlinelibrary.wiley.com/doi/abs/10.1111/geb.12173},
eprint = {https://onlinelibrary.wiley.com/doi/pdf/10.1111/geb.12173},
year = {2014}
}

@article{burbidge1989patterns,
title = {Patterns in the modern decline of western {A}ustralia's vertebrate fauna: Causes and conservation implications},
journal = {Biological Conservation},
volume = {50},
number = {1},
pages = {143-198},
year = {1989},
note = {{A}ustralian Developments in Conservation Evaluation},
issn = {0006-3207},
doi = {https://doi.org/10.1016/0006-3207(89)90009-8},
url = {https://www.sciencedirect.com/science/article/pii/0006320789900098},
author = {Andrew A. Burbidge and N.L. McKenzie}
}

@article{woinarski2019reading,
title = {Reading the black book: The number, timing, distribution and causes of listed extinctions in {A}ustralia},
journal = {Biological Conservation},
volume = {239},
pages = {108261},
year = {2019},
issn = {0006-3207},
doi = {https://doi.org/10.1016/j.biocon.2019.108261},
url = {https://www.sciencedirect.com/science/article/pii/S000632071930895X},
author = {J.C.Z. Woinarski and M.F. Braby and A.A. Burbidge and D. Coates and S.T. Garnett and R.J. Fensham and S.M. Legge and N.L. McKenzie and J.L. Silcock and B.P. Murphy},
keywords = {Biodiversity, Conservation, Habitat loss, Invasive species, Islands, Threatening processes}
}

@article{allen2013clear,
title = {As clear as mud: A critical review of evidence for the ecological roles of {A}ustralian dingoes},
journal = {Biological Conservation},
volume = {159},
pages = {158-174},
year = {2013},
issn = {0006-3207},
doi = {https://doi.org/10.1016/j.biocon.2012.12.004},
url = {https://www.sciencedirect.com/science/article/pii/S0006320712005022},
author = {Benjamin L. Allen and Peter J.S. Fleming and Lee R. Allen and Richard M. Engeman and Guy Ballard and Luke K.-P. Leung},
keywords = {Biodiversity conservation, Experimental design, Mesopredator release, Relative abundance indices, Threatened fauna, Trophic cascades}
}

@article{allen2011wild,
    author = {Allen, Benjamin L. and Engeman, Richard M. and Allen, Lee R.},
    title = "{Wild dogma: An examination of recent “evidence” for dingo regulation of invasive mesopredator release in {A}ustralia}",
    journal = {Current Zoology},
    volume = {57},
    number = {5},
    pages = {568-583},
    year = {2011},
    month = {10},
    issn = {1674-5507},
    doi = {10.1093/czoolo/57.5.568},
    url = {https://doi.org/10.1093/czoolo/57.5.568},
    eprint = {https://academic.oup.com/cz/article-pdf/57/5/568/32967613/czoolo57-0568.pdf},
}

@article{nimmo2015dingoes,
author = {Nimmo, Dale G. and Watson, Simon J. and Forsyth, David M. and Bradshaw, Corey J. A.},
title = {Dingoes can help conserve wildlife and our methods can tell},
journal = {Journal of Applied Ecology},
volume = {52},
number = {2},
pages = {281-285},
keywords = {abundance indices, apex predator, Canis dingo, conservation biology, dingo, mesopredator release, trophic cascades, Vulpes vulpes},
doi = {https://doi.org/10.1111/1365-2664.12369},
url = {https://besjournals.onlinelibrary.wiley.com/doi/abs/10.1111/1365-2664.12369},
eprint = {https://besjournals.onlinelibrary.wiley.com/doi/pdf/10.1111/1365-2664.12369},
year = {2015}
}

@article{fleming2012seven,
  title={Seven considerations about dingoes as biodiversity engineers: the socioecological niches of dogs in {A}ustralia},
  author={Fleming, Peter JS and Allen, Benjamin L and Ballard, Guy-Anthony},
  journal={{A}ustralian Mammalogy},
  volume={34},
  number={1},
  pages={119--131},
  year={2012},
  doi={https://doi.org/10.1071/AM11012},
  publisher={{CSIRO Publishing}}
}

@article{sih2010predator,
author = {Sih, Andrew and Bolnick, Daniel I. and Luttbeg, Barney and Orrock, John L. and Peacor, Scott D. and Pintor, Lauren M. and Preisser, Evan and Rehage, Jennifer S. and Vonesh, James R.},
title = {Predator–prey naïveté, antipredator behavior, and the ecology of predator invasions},
journal = {Oikos},
volume = {119},
number = {4},
pages = {610-621},
doi = {https://doi.org/10.1111/j.1600-0706.2009.18039.x},
url = {https://onlinelibrary.wiley.com/doi/abs/10.1111/j.1600-0706.2009.18039.x},
eprint = {https://onlinelibrary.wiley.com/doi/pdf/10.1111/j.1600-0706.2009.18039.x},
year = {2010}
}

@article{salo2007alien,
  title={Alien predators are more dangerous than native predators to prey populations},
  author={Salo, P{\"a}lvi and Korpim{\"a}ki, Erkki and Banks, Peter B and Nordstr{\"o}m, Mikael and Dickman, Chris R},
  journal={Proceedings of the Royal Society B: Biological Sciences},
  volume={274},
  number={1615},
  pages={1237--1243},
  year={2007},
  doi={https://doi.org/10.1098/rspb.2006.0444},
  publisher={The Royal Society London}
}

@article{kinnear2016fox,
  title={Fox control and 1080 baiting conundrums: time to prepare for a {CRISPR} solution},
  author={Kinnear, Jean E and Pentland, Craig and Moore, N and Krebs, CJ},
  journal={{A}ustralian Mammalogy},
  volume={39},
  number={2},
  pages={127--136},
  year={2016},
  doi={https://doi.org/10.1071/AM16020},
  publisher={{CSIRO Publishing}}
}

@article{fairfax2019dispersal,
  title={Dispersal of the introduced red fox \textit{({Vulpes vulpes})} across {A}ustralia},
  author={Fairfax, Russell J},
  journal={Biological Invasions},
  volume={21},
  number={4},
  pages={1259--1268},
  doi={https://doi.org/10.1007/s10530-018-1897-7},
  year={2019},
  publisher={Springer}
}

@article{pyšek2020scientists,
author = {Pyšek, Petr and Hulme, Philip E. and Simberloff, Dan and Bacher, Sven and Blackburn, Tim M. and Carlton, James T. and Dawson, Wayne and Essl, Franz and Foxcroft, Llewellyn C. and Genovesi, Piero and Jeschke, Jonathan M. and Kühn, Ingolf and Liebhold, Andrew M. and Mandrak, Nicholas E. and Meyerson, Laura A. and Pauchard, Aníbal and Pergl, Jan and Roy, Helen E. and Seebens, Hanno and van Kleunen, Mark and Vilà, Montserrat and Wingfield, Michael J. and Richardson, David M.},
title = {Scientists' warning on invasive alien species},
journal = {Biological Reviews},
volume = {95},
number = {6},
pages = {1511-1534},
keywords = {biological invasions, biosecurity, global change, environmental impacts, invasion dynamics, invasion hotspots, naturalization, policy, protected areas, socioeconomic impacts},
doi = {https://doi.org/10.1111/brv.12627},
url = {https://onlinelibrary.wiley.com/doi/abs/10.1111/brv.12627},
eprint = {https://onlinelibrary.wiley.com/doi/pdf/10.1111/brv.12627},
year = {2020}
}

@article{diagne2021high,
  title={High and rising economic costs of biological invasions worldwide},
  author={Diagne, Christophe and Leroy, Boris and Vaissi{\`e}re, Anne-Charlotte and Gozlan, Rodolphe E and Roiz, David and Jari{\'c}, Ivan and Salles, Jean-Michel and Bradshaw, Corey JA and Courchamp, Franck},
  journal={Nature},
  volume={592},
  number={7855},
  pages={571--576},
  year={2021},
  doi={https://doi.org/10.1111/brv.12627},
  publisher={Nature Publishing Group}
}

@article{hradsky2017responses,
    author = {Hradsky, Bronwyn A. and Mildwaters, Craig and Ritchie, Euan G. and Christie, Fiona and Di Stefano, Julian},
    title = "{Responses of invasive predators and native prey to a prescribed forest fire}",
    journal = {Journal of Mammalogy},
    volume = {98},
    number = {3},
    pages = {835-847},
    year = {2017},
    month = {03},
    issn = {0022-2372},
    doi = {10.1093/jmammal/gyx010},
    url = {https://doi.org/10.1093/jmammal/gyx010},
    eprint = {https://academic.oup.com/jmammal/article-pdf/98/3/835/19442986/gyx010.pdf},
}

@article{leahy2016amplified,
  title={Amplified predation after fire suppresses rodent populations in {A}ustralia’s tropical savannas},
  author={Leahy, Lily and Legge, Sarah M and Tuft, Katherine and McGregor, Hugh W and Barmuta, Leon A and Jones, Menna E and Johnson, Christopher N},
  journal={Wildlife Research},
  volume={42},
  number={8},
  pages={705--716},
  year={2016},
  doi={https://doi.org/10.1071/WR15011},
  publisher={{CSIRO Publishing}}
}

@article{green2006immediate,
  title={Immediate and short-term responses of bird and mammal assemblages to a subalpine wildfire in the Snowy Mountains, {A}ustralia},
  author={Green, KEN and Sanecki, Glenn},
  journal={Austral Ecology},
  volume={31},
  number={6},
  pages={673--681},
  doi={https://doi.org/10.1111/j.1442-9993.2006.01629.x},
  year={2006},
  publisher={Wiley Online Library}
}

@article{meek2000home,
  title={Home range and movement of foxes \textit{({Vulpes vulpes})} in coastal {New South Wales, A}ustralia},
  author={Meek, Paul D and Saunders, Glen},
  journal={Wildlife Research},
  volume={27},
  number={6},
  pages={663--668},
  year={2000},
  doi={https://doi.org/10.1071/WR98030},
  publisher={{CSIRO Publishing}}
}

@article{mcgregor2016extraterritorial,
  title={Extraterritorial hunting expeditions to intense fire scars by feral cats},
  author={McGregor, Hugh W and Legge, Sarah and Jones, Menna E and Johnson, Christopher N},
  journal={Scientific Reports},
  volume={6},
  number={1},
  pages={1--7},
  year={2016},
  doi={https://doi.org/10.1038/srep22559},
  publisher={Nature Publishing Group}
}

@article{hradsky2020conserving,
  title={Conserving {A}ustralia’s threatened native mammals in predator-invaded, fire-prone landscapes},
  author={Hradsky, Bronwyn A},
  journal={Wildlife Research},
  volume={47},
  number={1},
  pages={1--15},
  doi={https://doi.org/10.1071/WR19027},
  year={2020},
  publisher={{CSIRO Publishing}}
}

@article{saunders2010impacts,
  title={The impacts and management of foxes \textit{({Vulpes vulpes})} in {A}ustralia},
  author={Saunders, Glen R and Gentle, Matthew N and Dickman, Christopher R},
  journal={Mammal Review},
  volume={40},
  number={3},
  pages={181--211},
  year={2010},
  doi={https://doi.org/10.1111/j.1365-2907.2010.00159.x},
  publisher={Wiley Online Library}
}

@article{benshemesh2020citizen,
title = {Citizen scientists reveal nationwide trends and drivers in the breeding activity of a threatened bird, the malleefowl \textit{({Leipoa ocellata})}},
journal = {Biological Conservation},
volume = {246},
pages = {108573},
year = {2020},
issn = {0006-3207},
doi = {https://doi.org/10.1016/j.biocon.2020.108573},
url = {https://www.sciencedirect.com/science/article/pii/S000632071931938X},
author = {Joe Benshemesh and Darren Southwell and Richard Barker and Michael McCarthy},
keywords = {Poisson regression, Megapodes, Incubator mounds, Mallee, Volunteers, Interval censoring}
}

@article{sabo2005stochasticity,
  title={Stochasticity, predator--prey dynamics, and trigger harvest of nonnative predators},
  author={Sabo, John L},
  journal={Ecology},
  volume={86},
  number={9},
  pages={2329--2343},
  year={2005},
  doi={https://doi.org/10.1890/04-1152},
  publisher={Wiley Online Library}
}

@article{walsh2012unexpected,
author = {Walsh, J. C. and Wilson, K. A. and Benshemesh, J. and Possingham, H. P.},
title = {Unexpected outcomes of invasive predator control: the importance of evaluating conservation management actions},
journal = {Animal Conservation},
volume = {15},
number = {4},
pages = {319-328},
keywords = {conservation outcome, evidence-based conservation, fox baiting, malleefowl, management effectiveness, return on investment},
doi = {https://doi.org/10.1111/j.1469-1795.2012.00537.x},
url = {https://zslpublications.onlinelibrary.wiley.com/doi/abs/10.1111/j.1469-1795.2012.00537.x},
eprint = {https://zslpublications.onlinelibrary.wiley.com/doi/pdf/10.1111/j.1469-1795.2012.00537.x},
year = {2012}
}

@article{baxter2008cost,
  title={Cost-effective suppression and eradication of invasive predators},
  author={Baxter, Peter WJ and Sabo, John L and Wilcox, Chris and McCarthy, Michael A and Possingham, Hugh P},
  journal={Conservation Biology},
  volume={22},
  number={1},
  pages={89--98},
  year={2008},
  doi={https://doi.org/10.1111/j.1523-1739.2007.00850.x},
  publisher={Wiley Online Library}
}

@article{sinclair1998predicting,
author = {Sinclair, A. R. E. and Pech, R. P. and Dickman, C. R. and Hik, D. and Mahon, P. and Newsome, A. E.},
title = {Predicting Effects of Predation on Conservation of Endangered Prey},
journal = {Conservation Biology},
volume = {12},
number = {3},
pages = {564-575},
doi = {https://doi.org/10.1111/j.1523-1739.1998.97030.x},
url = {https://conbio.onlinelibrary.wiley.com/doi/abs/10.1111/j.1523-1739.1998.97030.x},
eprint = {https://conbio.onlinelibrary.wiley.com/doi/pdf/10.1111/j.1523-1739.1998.97030.x},
year = {1998}
}

@article{newsome2014rapid,
  title={Rapid recolonisation by the {E}uropean red fox: how effective are uncoordinated and isolated control programs?},
  author={Newsome, Thomas M and Crowther, Mathew S and Dickman, Christopher R},
  journal={European Journal of Wildlife Research},
  volume={60},
  number={5},
  pages={749--757},
  year={2014},
  doi={https://doi.org/10.1007/s10344-014-0844-x},
  publisher={Springer}
}

@article{marlow2016compensatory,
  title={Compensatory responses by a fox population to artificial density reduction in a rangeland area in {Western Australia}},
  author={Marlow, NJ and Thomson, PC and Rose, K and Kok, NE and others},
  journal={Conservation Science Western {A}ustralia},
  volume={10},
  number={3},
  pages={1--10},
  year={2016},
  doi={},
  publisher={Science Division, Department of Parks and Wildlife}
}

@article{haslem2011habitat,
author = {Haslem, Angie and Kelly, Luke T. and Nimmo, Dale G. and Watson, Simon J. and Kenny, Sally A. and Taylor, Rick S. and Avitabile, Sarah C. and Callister, Kate E. and Spence-Bailey, Lisa M. and Clarke, Michael F. and Bennett, Andrew F.},
title = {Habitat or fuel? Implications of long-term, post-fire dynamics for the development of key resources for fauna and fire},
journal = {Journal of Applied Ecology},
volume = {48},
number = {1},
pages = {247-256},
keywords = {{A}ustralia, fire chronosequence, generalized additive mixed model, mallee vegetation, prescribed fire, succession, wildfire},
doi = {https://doi.org/10.1111/j.1365-2664.2010.01906.x},
url = {https://besjournals.onlinelibrary.wiley.com/doi/abs/10.1111/j.1365-2664.2010.01906.x},
eprint = {https://besjournals.onlinelibrary.wiley.com/doi/pdf/10.1111/j.1365-2664.2010.01906.x},
year = {2011}
}

@article{geary2020predator,
author = {Geary, William L. and Doherty, Tim S. and Nimmo, Dale G. and Tulloch, Ayesha I. T. and Ritchie, Euan G.},
title = {Predator responses to fire: A global systematic review and meta-analysis},
journal = {Journal of Animal Ecology},
volume = {89},
number = {4},
pages = {955-971},
keywords = {carnivore, disturbance, fire, mesopredator, meta-analysis, predator, systematic review, trophic relationships},
doi = {https://doi.org/10.1111/1365-2656.13153},
url = {https://besjournals.onlinelibrary.wiley.com/doi/abs/10.1111/1365-2656.13153},
eprint = {https://besjournals.onlinelibrary.wiley.com/doi/pdf/10.1111/1365-2656.13153},
year = {2020}
}

@article{geary2020predators,
author = {Geary, William L. and Hradsky, Bronwyn A. and Robley, Alan and Wintle, Brendan A.},
title = {Predators, fire or resources: What drives the distribution of herbivores in fragmented mesic forests?},
journal = {Austral Ecology},
volume = {45},
number = {3},
pages = {329-339},
keywords = {fire, herbivore, macropod, motion-sensing camera, predation, predator control, spatial distribution, species distribution model, trophic relationships, Vulpes vulpes},
doi = {https://doi.org/10.1111/aec.12861},
url = {https://onlinelibrary.wiley.com/doi/abs/10.1111/aec.12861},
eprint = {https://onlinelibrary.wiley.com/doi/pdf/10.1111/aec.12861},
year = {2020}
}

@article{doherty2015multiple,
title = {Multiple threats, or multiplying the threats? Interactions between invasive predators and other ecological disturbances},
journal = {Biological Conservation},
volume = {190},
pages = {60-68},
year = {2015},
issn = {0006-3207},
doi = {https://doi.org/10.1016/j.biocon.2015.05.013},
url = {https://www.sciencedirect.com/science/article/pii/S0006320715002086},
author = {Tim S. Doherty and Chris R. Dickman and Dale G. Nimmo and Euan G. Ritchie},
keywords = {Apex predator, Biological invasion, Fire ecology, Species interactions, Synergies, Trophic cascade},
}

@article{nimmo2014why,
author = {Nimmo, D. G. and Kelly, L. T. and Farnsworth, L. M. and Watson, S. J. and Bennett, A. F.},
title = {Why do some species have geographically varying responses to fire history?},
journal = {Ecography},
volume = {37},
number = {8},
pages = {805-813},
doi = {https://doi.org/10.1111/ecog.00684},
url = {https://onlinelibrary.wiley.com/doi/abs/10.1111/ecog.00684},
eprint = {https://onlinelibrary.wiley.com/doi/pdf/10.1111/ecog.00684},
year = {2014}
}

@article{clarke2008catering,
  title={Catering for the needs of fauna in fire management: science or just wishful thinking?},
  author={Clarke, Michael F},
  journal={Wildlife Research},
  volume={35},
  number={5},
  pages={385--394},
  year={2008},
  doi={https://doi.org/10.1071/WR07137},
  publisher={{CSIRO Publishing}}
}

@article{dorph2020complex,
  title={Complex habitat drives mammal communities in a flammable landscape},
  author={Dorph, Annalie and Swan, Matthew and Rochelmeyer, Ellen and Di Stefano, Julian},
  journal={Forest Ecology and Management},
  volume={462},
  pages={117979},
  year={2020},
  doi={https://doi.org/10.1016/j.foreco.2020.117979},
  publisher={Elsevier}
}

@article{mcdonald2017habitat,
author = {McDonald, Peter J. and Nano, Catherine E. M. and Ward, Simon J. and Stewart, Alistair and Pavey, Chris R. and Luck, Gary W. and Dickman, Chris R.},
title = {Habitat as a mediator of mesopredator-driven mammal extinction},
journal = {Conservation Biology},
volume = {31},
number = {5},
pages = {1183-1191},
keywords = {feral cat, mammal decline, predation, red fox, refuge, ruggedness, declinaciones de mamíferos, depredación, el gato feral, la escabrosidad, refugio, zorro rojo},
doi = {https://doi.org/10.1111/cobi.12905},
url = {https://conbio.onlinelibrary.wiley.com/doi/abs/10.1111/cobi.12905},
eprint = {https://conbio.onlinelibrary.wiley.com/doi/pdf/10.1111/cobi.12905},
year = {2017}
}

@article{abbott2008spread,
  title={The spread of the cat, \textit{{F}elis catus}, in {A}ustralia: re-examination of the current conceptual model with additional information.},
  author={Abbott, Ian},
  journal={Conservation Science Western {A}ustralia},
  volume={7},
  number={1},
  doi={https://www.dpaw.wa.gov.au/images/documents/about/science/cswa/articles/23.pdf},
  year={2008}
}

@article{hamer2021differing,
  title={Differing effects of productivity on home-range size and population density of a native and an invasive mammalian carnivore},
  author={Hamer, Rowena P and Andersen, Georgina E and Hradsky, Bronwyn A and Troy, Shannon N and Gardiner, Riana Z and Johnson, Christopher N and Jones, Menna E},
  journal={Wildlife Research},
  year={2021},
  doi={https://doi.org/10.1071/WR20134},
  publisher={{CSIRO Publishing}}
}

@article{jones1982ecology2,
  title={Ecology of the feral cat, \textit{({Felis catus (L.)})}, in south-eastern {{A}ustralia II.* Reproduction}},
  author={Jones, E and Coman, BJ},
  journal={Wildlife Research},
  volume={9},
  number={1},
  pages={111--119},
  year={1982},
  doi={https://doi.org/10.1071/WR9820111},
  publisher={{CSIRO Publishing}}
}

@article{jones1982ecology3,
  title={Ecology of the feral cat, \textit{({Felis catus (L.)})}, in south-eastern {A}ustralia III.* Home ranges and population ecology in semiarid north-west {V}ictoria},
  author={Jones, E and Coman, BJ},
  journal={Wildlife Research},
  volume={9},
  number={3},
  pages={409--420},
  year={1982},
  publisher={{CSIRO Publishing}}
}

@article{frankham2011population,
  title={Population ecology of the long-nosed potoroo \textit{({Potorous tridactylus})} on {French Island, Victoria}},
  author={Frankham, Greta J and Reed, Robert L and Fletcher, Terry P and Handasyde, Kath A},
  journal={{A}ustralian Mammalogy},
  volume={33},
  number={1},
  pages={73--81},
  year={2011},
  doi={https://doi.org/10.1071/AM10051},
  publisher={{CSIRO Publishing}}
}


@article{brown2010national,
  title={National recovery plan for the southern brown bandicoot \textit{({Isoodon obesulus obesulus})}},
  author={Brown, Geoff W and Main, Micaela L},
  journal={Victorian Government Department of Sustainability and Environment (DSE): Melbourne, {A}ustralia},
  year={2010}
}

@article{mason1998habitat,
  title={Habitat use and population size of the long-nosed potoroo, \textit{({Potorous tridactylus})} (Marsupialia: Potoroidae) in a coastal reserve, north-eastern {New South Wales}.},
  author={Mason, Richard J},
  journal={{A}ustralian Mammalogy},
  volume={20},
  number={1},
  pages={35--42},
  year={1998},
  doi={https://doi.org/10.1071/AM97035},
  publisher={{CSIRO Publishing}}
}

@article{bennett1987conservation,
  title={Conservation of mammals within a fragmented forest environment: the contributions of insular biogeography and autecology},
  author={Bennett, AF},
  journal={Nature conservation: the role of remnants of native vegetation},
  pages={41--52},
  year={1987},
  publisher={Surrey Beatty \& Sons, Chipping Norton}
}

@article{lobert1990home,
  title={Home range and activity period of the southern brown bandicoot \textit{({Isoodon obesulus})} in a {V}ictorian heathland},
  author={Lobert, Bertram},
  journal={Bandicoots and Bilbies},
  pages={319--325},
  year={1990}
}

@article{wilson2012terrestrial,
  title={Terrestrial mammals of the Gnangara Groundwater System, Western {A}ustralia: history, status, and the possible impacts of a drying climate},
  author={Wilson, Barbara A and Valentine, Leonie E and Reaveley, Alice and Isaac, Joanne and Wolfe, Kristen M},
  journal={{A}ustralian Mammalogy},
  volume={34},
  number={2},
  pages={202--216},
  year={2012},
  doi={https://doi.org/10.1071/AM11040},
  publisher={{CSIRO Publishing}}
}

@book{van2008mammals,
  title={The mammals of {A}ustralia},
  author={Van Dyck, Steve and Strahan, Ronald},
  year={2008},
  publisher={New Holland Publishing}
}

@article{paull2013fragmentation,
  title={Fragmentation of the southern brown bandicoot \textit{({Isoodon obesulus})}: unraveling past climate change from vegetation clearing},
  author={Paull, David J and Mills, Doug J and Claridge, Andrew W},
  journal={International Journal of Ecology},
  volume={2013},
  year={2013},
  doi={https://doi.org/10.1155/2013/536524},
  publisher={Hindawi}
}

@thesis{pentland1999population,
  title={Population dynamics of the southern brown bandicoot {I}soodon obesulus on {Ellen Brook Reserve}},
  author={Pentland, Craig},
  year={1999},
  type={Honours Thesis},
  publisher = {Edith Cowan University},
  doi={https://ro.ecu.edu.au/theses_hons/484}
}

@article{arthur2012relative,
author={Arthur, Anthony D and Catling, Peter C and Reid, Allan},
title = {Relative influence of habitat structure, species interactions and rainfall on the post-fire population dynamics of ground-dwelling vertebrates},
journal = {Austral Ecology},
volume = {37},
number = {8},
pages = {958-970},
keywords = {feral predator, long-term, marsupial, population dynamics, succession},
doi = {https://doi.org/10.1111/j.1442-9993.2011.02355.x},
url = {https://onlinelibrary.wiley.com/doi/abs/10.1111/j.1442-9993.2011.02355.x},
eprint = {https://onlinelibrary.wiley.com/doi/pdf/10.1111/j.1442-9993.2011.02355.x},
year = {2012},  
publisher={Wiley Online Library}
}

@article{fleming2021diet,
author = {Fleming, Patricia A. and Crawford, Heather M. and Stobo-Wilson, Alyson M. and Dawson, Stuart J. and Dickman, Christopher R. and Dundas, Shannon J. and Gentle, Matthew N. and Newsome, Thomas M. and O’Connor, Julie and Palmer, Russell and Riley, Joanna and Ritchie, Euan G. and Speed, James and Saunders, Glen and Stuart, John-Michael D. and Thompson, Eilysh and Turpin, Jeff M. and Woinarski, John C.Z.},
title = {Diet of the introduced red fox \textit{{V}ulpes vulpes} in {A}ustralia: analysis of temporal and spatial patterns},
journal = {Mammal Review},
volume = {51},
number = {4},
pages = {508-527},
keywords = {{A}ustralia, carnivore, invasive species, prey selection, prey switching, red fox, Vulpes vulpes},
doi = {https://doi.org/10.1111/mam.12251},
url = {https://onlinelibrary.wiley.com/doi/abs/10.1111/mam.12251},
eprint = {https://onlinelibrary.wiley.com/doi/pdf/10.1111/mam.12251},
year = {2021}
}

@report{robley2019otway,
  title={{The Otway Ark: response of predators and native species 2016–2018.}},
  author={Robley, Alan and Moloney, Paul and {Parks Victoria West Coast District Team}},
  year={2019},
  publisher={Arthur Rylah Institute for Environmental Research Technical Report Series No. 299. Department of Environment, Land, Water and Planning, Heidelberg, Victoria}
}

@article{fleming1996ground,
  title={{Ground-placed baits for the control of wild dogs: evaluation of a replacement-baiting strategy in north-eastern {New South Wales}.}},
  author={Fleming, Peter JS},
  journal={Wildlife Research},
  volume={23},
  number={6},
  pages={729--740},
  year={1996},
  doi={https://doi.org/10.1071/WR9960729},
  publisher={{CSIRO Publishing}}
}

@article{mackenzie2002estimating,
  title={Estimating site occupancy rates when detection probabilities are less than one},
  author={MacKenzie, Darryl I and Nichols, James D and Lachman, Gideon B and Droege, Sam and Andrew Royle, J and Langtimm, Catherine A},
  journal={Ecology},
  volume={83},
  number={8},
  pages={2248--2255},
  year={2002},
  doi={https://doi.org/10.1890/0012-9658(2002)083[2248:ESORWD]2.0.CO;2},
  publisher={Wiley Online Library}
}

@article{nichols2019evaluation,
  title={An evaluation of systematic versus strategically-placed camera traps for monitoring feral cats in {New Zealand}},
  author={Nichols, Margaret and Ross, James and Glen, Alistair S and Paterson, Adrian M},
  journal={Animals},
  volume={9},
  number={9},
  pages={687},
  year={2019},
  doi={https://doi.org/10.3390/ani9090687},
  publisher={Multidisciplinary Digital Publishing Institute}
}

@article{may1996influence,
  title={Influence of fragmentation and disturbance on the potential impact of feral predators on native fauna in {A}ustralian forest ecosystems},
  author={May, Sarah A and Norton, TW},
  journal={Wildlife Research},
  volume={23},
  number={4},
  pages={387--400},
  year={1996},
  doi={https://doi.org/10.1071/WR9960387},
  publisher={{CSIRO Publishing}}
}

@article{tulloch2016using,
author = {Tulloch, Ayesha I.T. and Mortelliti, Alessio and Kay, Geoffrey M. and Florance, Daniel and Lindenmayer, David},
title = {Using empirical models of species colonization under multiple threatening processes to identify complementary threat-mitigation strategies},
journal = {Conservation Biology},
volume = {30},
number = {4},
pages = {867-882},
keywords = {birds, conservation action prioritization, cumulative threats, dynamic patch occupancy model, ecological dynamics, grazing regimes, habitat loss, priority threat management, amenazas acumulativas, aves, dinámicas ecológicas, manejo de amenazas prioritarias, modelo de ocupación de fragmento dinámico, pérdida de hábitat, priorización de acciones de conservación, regímenes de pastoreo},
doi = {https://doi.org/10.1111/cobi.12672},
url = {https://conbio.onlinelibrary.wiley.com/doi/abs/10.1111/cobi.12672},
eprint = {https://conbio.onlinelibrary.wiley.com/doi/pdf/10.1111/cobi.12672},
year = {2016}
}

@article{monamy2000small,
  title={Small mammal succession is determined by vegetation density rather than time elapsed since disturbance},
  author={Monamy, Vaughan and Fox, Barry J},
  journal={Austral Ecology},
  volume={25},
  number={6},
  pages={580--587},
  year={2000},
  doi={https://doi.org/10.1111/j.1442-9993.2000.tb00063.x},
  publisher={Wiley Online Library}
}

@article{swan2015predicting,
author = {Swan, Matthew and Christie, Fiona and Sitters, Holly and York, Alan and Di Stefano, Julian},
title = {Predicting faunal fire responses in heterogeneous landscapes: the role of habitat structure},
journal = {Ecological Applications},
volume = {25},
number = {8},
pages = {2293-2305},
keywords = {biodiversity, disturbance, faunal conservation, fire regime, habitat accommodation model, habitat structure, mammals, succession, time since fire},
doi = {https://doi.org/10.1890/14-1533.1},
url = {https://esajournals.onlinelibrary.wiley.com/doi/abs/10.1890/14-1533.1},
eprint = {https://esajournals.onlinelibrary.wiley.com/doi/pdf/10.1890/14-1533.1},
year = {2015}
}

@article{wolkovich2021simple,
author = {Wolkovich, E. M. and Auerbach, J. and Chamberlain, C. J. and Buonaiuto, D. M. and Ettinger, A. K. and Morales-Castilla, I. and Gelman, A.},
title = {A simple explanation for declining temperature sensitivity with warming},
journal = {Global Change Biology},
volume = {27},
number = {20},
pages = {4947-4949},
doi = {https://doi.org/10.1111/gcb.15746},
url = {https://onlinelibrary.wiley.com/doi/abs/10.1111/gcb.15746},
eprint = {https://onlinelibrary.wiley.com/doi/pdf/10.1111/gcb.15746},
year = {2021}
}

@article{sih1992prey,
  title={Prey uncertainty and the balancing of antipredator and feeding needs},
  author={Sih, Andrew},
  journal={The American Naturalist},
  volume={139},
  number={5},
  pages={1052--1069},
  year={1992},
  doi={https://doi.org/10.1086/285372},
  publisher={University of Chicago Press}
}

@article{prugh2009rise,
  title={The rise of the mesopredator},
  author={Prugh, Laura R and Stoner, Chantal J and Epps, Clinton W and Bean, William T and Ripple, William J and Laliberte, Andrea S and Brashares, Justin S},
  journal={Bioscience},
  volume={59},
  number={9},
  pages={779--791},
  year={2009},
  doi={https://doi.org/10.1525/bio.2009.59.9.9},
  publisher={American Institute of Biological Sciences Circulation, AIBS, 1313 Dolley~…}
}

@article{gorman1998high,
  title={High hunting costs make African wild dogs vulnerable to kleptoparasitism by hyaenas},
  author={Gorman, Martyn L and Mills, Michael G and Raath, Jacobus P and Speakman, John R},
  journal={Nature},
  volume={391},
  number={6666},
  pages={479--481},
  year={1998},
  doi={https://doi.org/10.1038/35131},
  publisher={Nature Publishing Group}
}

@article{baum2009cascading,
  author = {Baum, Julia K. and Worm, Boris},
  title = {Cascading top-down effects of changing oceanic predator abundances},
  journal = {Journal of Animal Ecology},
  volume = {78},
  number = {4},
  pages = {699-714},
  keywords = {apex predator, indirect effects of fishing, macro-ecology, meta-analysis},
  doi = {https://doi.org/10.1111/j.1365-2656.2009.01531.x},
  url = {https://besjournals.onlinelibrary.wiley.com/doi/abs/10.1111/j.1365-2656.2009.01531.x},
  eprint = {https://besjournals.onlinelibrary.wiley.com/doi/pdf/10.1111/j.1365-2656.2009.01531.x},
  year = {2009}
}

@article{heithaus2008predicting,
  title={Predicting ecological consequences of marine top predator declines},
  author={Heithaus, Michael R and Frid, Alejandro and Wirsing, Aaron J and Worm, Boris},
  journal={Trends in Ecology \& Evolution},
  volume={23},
  number={4},
  doi={https://doi.org/10.1016/j.tree.2008.01.003},
  pages={202--210},
  year={2008},
  publisher={Elsevier}
}

@article{estes2011trophic,
  title={Trophic downgrading of planet Earth},
  author={Estes, James A and Terborgh, John and Brashares, Justin S and Power, Mary E and Berger, Joel and Bond, William J and Carpenter, Stephen R and Essington, Timothy E and Holt, Robert D and Jackson, Jeremy BC and others},
  journal={Science},
  volume={333},
  number={6040},
  pages={301--306},
  year={2011},
  doi={https://doi.org/10.1126/science.1205106},
  publisher={American Association for the Advancement of Science}
}

@article{baker2017ensemble,
  author = {Baker, Christopher M. and Gordon, Ascelin and Bode, Michael},
  title = {Ensemble ecosystem modeling for predicting ecosystem response to predator reintroduction},
  journal = {Conservation Biology},
  volume = {31},
  number = {2},
  pages = {376-384},
  doi = {https://doi.org/10.1111/cobi.12798},
  url = {https://conbio.onlinelibrary.wiley.com/doi/abs/10.1111/cobi.12798},
  eprint = {https://conbio.onlinelibrary.wiley.com/doi/pdf/10.1111/cobi.12798},
  year = {2017}
}

@article{chapron2014recovery,
  title={Recovery of large carnivores in {E}urope’s modern human-dominated landscapes},
  author={Chapron, Guillaume and Kaczensky, Petra and Linnell, John DC and Von Arx, Manuela and Huber, Djuro and Andr{\'e}n, Henrik and L{\'o}pez-Bao, Jos{\'e} Vicente and Adamec, Michal and {\'A}lvares, Francisco and Anders, Ole and others},
  journal={Science},
  volume={346},
  number={6216},
  pages={1517--1519},
  year={2014},
  doi = {10.1126/science.1257553},
  publisher={American Association for the Advancement of Science}
}

@article{laundre2001wolves,
  title={Wolves, elk, and bison: reestablishing the" landscape of fear" in {Yellowstone National Park, USA}},
  author={Laundr{\'e}, John W and Hern{\'a}ndez, Lucina and Altendorf, Kelly B},
  journal={Canadian Journal of Zoology},
  volume={79},
  number={8},
  pages={1401--1409},
  year={2001},
  doi={https://doi.org/10.1139/z01-094},
  publisher={NRC Research Press Ottawa, Canada}
}

@article{christie2020poor,
  title={Poor availability of context-specific evidence hampers decision-making in conservation},
  author={Christie, Alec P and Amano, Tatsuya and Martin, Philip A and Petrovan, Silviu O and Shackelford, Gorm E and Simmons, Benno I and Smith, Rebecca K and Williams, David R and Wordley, Claire FR and Sutherland, William J},
  journal={Biological Conservation},
  volume={248},
  pages={108666},
  year={2020},
  doi={https://doi.org/10.1016/j.biocon.2020.108666},
  publisher={Elsevier}
}

@article{fancourt2015testing,
  title={Testing the role of climate change in species decline: is the eastern quoll a victim of a change in the weather?},
  author={Fancourt, Bronwyn A and Bateman, Brooke L and VanDerWal, Jeremy and Nicol, Stewart C and Hawkins, Clare E and Jones, Menna E and Johnson, Christopher N},
  journal={PLoS One},
  volume={10},
  number={6},
  pages={e0129420},
  year={2015},
  doi={https://doi.org/10.1371/journal.pone.0129420},
  publisher={Public Library of Science San Francisco, CA USA}
}

@article{collett2018prey,
  title={Prey productivity and predictability drive different axes of life-history variation in carnivorous marsupials},
  author={Collett, Rachael A and Baker, Andrew M and Fisher, Diana O},
  journal={Proceedings of the Royal Society B},
  volume={285},
  doi={https://doi.org/10.1098/rspb.2018.1291},
  number={1890},
  pages={20181291},
  year={2018},
  publisher={The Royal Society}
}

@article{main2020human,
author = {Main, Michael T. and Davis, Robert A. and Blake, David and Mills, Harriet and Doherty, Tim S.},
title = {Human impact overrides bioclimatic drivers of red fox home range size globally},
journal = {Diversity and Distributions},
volume = {26},
number = {9},
pages = {1083-1092},
keywords = {human footprint, mesocarnivore, mesopredator, movement ecology, resource availability, resource subsidies, space use, Vulpes vulpes},
doi = {https://doi.org/10.1111/ddi.13115},
url = {https://onlinelibrary.wiley.com/doi/abs/10.1111/ddi.13115},
eprint = {https://onlinelibrary.wiley.com/doi/pdf/10.1111/ddi.13115},
year = {2020}
}

@article{doherty2015continental,
  title={A continental-scale analysis of feral cat diet in {A}ustralia},
  author={Doherty, Tim S and Davis, Robert A and van Etten, Eddie JB and Algar, Dave and Collier, Neil and Dickman, Chris R and Edwards, Glenn and Masters, Pip and Palmer, Russell and Robinson, Sue},
  journal={Journal of Biogeography},
  volume={42},
  number={5},
  pages={964--975},
  year={2015},
  doi={https://doi.org/10.1111/jbi.12469},
  publisher={Wiley Online Library}
}

@article{fiske2011unmarked,
  title = {{unmarked}: An {R} Package for Fitting Hierarchical Models of Wildlife Occurrence and Abundance},
  author = {Ian Fiske and Richard Chandler},
  journal = {Journal of Statistical Software},
  year = {2011},
  volume = {43},
  number = {10},
  pages = {1--23},
  url = {https://www.jstatsoft.org/v43/i10/},
}

@article{nickel2021energetics,
  title={Energetics and fear of humans constrain the spatial ecology of pumas},
  author={Nickel, Barry A and Suraci, Justin P and Nisi, Anna C and Wilmers, Christopher C},
  journal={Proceedings of the National Academy of Sciences},
  volume={118},
  number={5},
  year={2021},
  doi={https://doi.org/10.1073/pnas.2004592118},
  publisher={National Acad Sciences}
}

@article{houston1993general,
  title={General results concerning the trade-off between gaining energy and avoiding predation},
  author={Houston, Alasdair Ian and McNamara, John M and Hutchinson, John MC},
  journal={Philosophical Transactions of the Royal Society of London. Series B: Biological Sciences},
  volume={341},
  number={1298},
  pages={375--397},
  year={1993},
  doi={https://doi.org/10.1098/rstb.1993.0123},
  publisher={The Royal Society London}
}

@article{kauffman2007landscape,
author = {Kauffman, Matthew J. and Varley, Nathan and Smith, Douglas W. and Stahler, Daniel R. and MacNulty, Daniel R. and Boyce, Mark S.},
title = {Landscape heterogeneity shapes predation in a newly restored predator–prey system},
journal = {Ecology Letters},
volume = {10},
number = {8},
pages = {690-700},
keywords = {Antipredator response, catchability, kill occurrence, native predator, predation risk, predator restoration, prey refugia, risk map, territoriality, trophic cascades, vulnerability},
doi = {https://doi.org/10.1111/j.1461-0248.2007.01059.x},
url = {https://onlinelibrary.wiley.com/doi/abs/10.1111/j.1461-0248.2007.01059.x},
eprint = {https://onlinelibrary.wiley.com/doi/pdf/10.1111/j.1461-0248.2007.01059.x},
year = {2007}
}


@article{hertel2017case,
  title={A case for considering individual variation in diel activity patterns},
  author={Hertel, Anne G and Swenson, Jon E and Bischof, Richard},
  journal={Behavioral Ecology},
  volume={28},
  number={6},
  pages={1524--1531},
  year={2017},
  doi={https://doi.org/10.1093/beheco/arx122},
  publisher={Oxford University Press UK}
}

@article{merkle2015follow,
author = {Merkle, Jerod A. and Sigaud, Marie and Fortin, Daniel},
title = {To follow or not? How animals in fusion–fission societies handle conflicting information during group decision-making},
journal = {Ecology Letters},
volume = {18},
number = {8},
pages = {799-806},
keywords = {Animal distribution, Bison bison, collective decision-making, fusion–fission society, group dynamics, habitat selection, Prince Albert National Park, site fidelity, spatial memory, step selection function},
doi = {https://doi.org/10.1111/ele.12457},
url = {https://onlinelibrary.wiley.com/doi/abs/10.1111/ele.12457},
eprint = {https://onlinelibrary.wiley.com/doi/pdf/10.1111/ele.12457},
year = {2015}
}

@article{garvey2020leveraging,
title = {Leveraging Motivations, Personality, and Sensory Cues for Vertebrate Pest Management},
journal = {Trends in Ecology & Evolution},
volume = {35},
number = {11},
pages = {990-1000},
year = {2020},
issn = {0169-5347},
doi = {https://doi.org/10.1016/j.tree.2020.07.007},
url = {https://www.sciencedirect.com/science/article/pii/S0169534720301877},
author = {Patrick M. Garvey and Peter B. Banks and Justin P. Suraci and Thomas W. Bodey and Alistair S. Glen and Chris J. Jones and Clare McArthur and Grant L. Norbury and Catherine J. Price and James C. Russell and Andrew Sih},
keywords = {animal behaviour, individual variation, sensory cues, pest control, behaviour-based management, wildlife conservation}
}

@article{allen2014trophic,
  title={Trophic facilitation or limitation? Comparative effects of pumas and black bears on the scavenger community},
  author={Allen, Maximilian L and Elbroch, L Mark and Wilmers, Christopher C and Wittmer, Heiko U},
  journal={PLoS One},
  volume={9},
  number={7},
  pages={e102257},
  year={2014},
  doi={https://doi.org/10.1371/journal.pone.0102257},
  publisher={Public Library of Science San Francisco, USA}
}

@article{bischof2014being,
author = {, R. and Ali, H. and Kabir, M. and Hameed, S. and Nawaz, M. A.},
title = {Being the underdog: an elusive small carnivore uses space with prey and time without enemies},
journal = {Journal of Zoology},
volume = {293},
number = {1},
pages = {40-48},
keywords = {mesopredator release, multi-species occupancy models, intraguild predation, hierarchical analysis, Himalaya, IUCN},
doi = {https://doi.org/10.1111/jzo.12100},
url = {https://zslpublications.onlinelibrary.wiley.com/doi/abs/10.1111/jzo.12100},
eprint = {https://zslpublications.onlinelibrary.wiley.com/doi/pdf/10.1111/jzo.12100},
year = {2014}
}

@article{oksanen2000logic,
  title={The logic and realism of the hypothesis of exploitation ecosystems},
  author={Oksanen, Lauri and Oksanen, Tarja},
  journal={The American Naturalist},
  volume={155},
  number={6},
  pages={703--723},
  year={2000},
  doi={https://doi.org/10.1086/303354},
  publisher={The University of Chicago Press}
}

@article{schmitz2004trophic,
author = {Schmitz, Oswald J. and Krivan, Vlastimil and Ovadia, Ofer},
title = {Trophic cascades: the primacy of trait-mediated indirect interactions},
journal = {Ecology Letters},
volume = {7},
number = {2},
pages = {153-163},
keywords = {Adaptive foraging, anti-predator behaviour, cascading effects, density-mediated indirect effects, food chains, food web topology, predation risk-foraging trade-offs, predator identity, predator–prey interactions, trait-mediated indirect effects},
doi = {https://doi.org/10.1111/j.1461-0248.2003.00560.x},
url = {https://onlinelibrary.wiley.com/doi/abs/10.1111/j.1461-0248.2003.00560.x},
eprint = {https://onlinelibrary.wiley.com/doi/pdf/10.1111/j.1461-0248.2003.00560.x},
year = {2004}
}

@article{preisser2005scared,
  title={Scared to death? The effects of intimidation and consumption in predator--prey interactions},
  author={Preisser, Evan L and Bolnick, Daniel I and Benard, Michael F},
  journal={Ecology},
  volume={86},
  number={2},
  pages={501--509},
  year={2005},
  doi={https://doi.org/10.1890/04-0719},
  publisher={Wiley Online Library}
}

@article{waldron2017reductions,
  title={Reductions in global biodiversity loss predicted from conservation spending},
  author={Waldron, Anthony and Miller, Daniel C and Redding, Dave and Mooers, Arne and Kuhn, Tyler S and Nibbelink, Nate and Roberts, J Timmons and Tobias, Joseph A and Gittleman, John L},
  journal={Nature},
  volume={551},
  number={7680},
  pages={364--367},
  year={2017},
  doi={https://doi.org/10.1038/nature24295},
  publisher={Nature Publishing Group}
}

 @Manual{ubms,
    title = {{ubms}: {B}ayesian Models for Data from Unmarked Animals using 'Stan'},
    author = {Ken Kellner},
    year = {2021},
    note = {R package version 1.0.2},
    url = {https://kenkellner.com/ubms/},
  }
  
@article{carpenter2017stan,
 title={Stan: A Probabilistic Programming Language},
 volume={76},
 url={https://www.jstatsoft.org/index.php/jss/article/view/v076i01},
 doi={10.18637/jss.v076.i01},
 number={1},
 journal={Journal of Statistical Software},
 author={Carpenter, Bob and Gelman, Andrew and Hoffman, Matthew D. and Lee, Daniel and Goodrich, Ben and Betancourt, Michael and Brubaker, Marcus and Guo, Jiqiang and Li, Peter and Riddell, Allen},
 year={2017},
 pages={1–32}
}

@article{kimmel2021causal,
title = {Causal assumptions and causal inference in ecological experiments},
journal = {Trends in Ecology & Evolution},
year = {2021},
issn = {0169-5347},
doi = {https://doi.org/10.1016/j.tree.2021.08.008},
url = {https://www.sciencedirect.com/science/article/pii/S0169534721002263},
author = {Kaitlin Kimmel and Laura E. Dee and Meghan L. Avolio and Paul J. Ferraro},
keywords = {counterfactual causality, potential outcomes, excludability, exclusion restriction, interference, noncompliance},
}

@article{sugihara2012detecting,
author = {George Sugihara  and Robert May  and Hao Ye  and Chih-hao Hsieh  and Ethan Deyle  and Michael Fogarty  and Stephan Munch },
title = {Detecting Causality in Complex Ecosystems},
journal = {Science},
volume = {338},
number = {6106},
pages = {496-500},
year = {2012},
doi = {10.1126/science.1227079},
URL = {https://www.science.org/doi/abs/10.1126/science.1227079},
eprint = {https://www.science.org/doi/pdf/10.1126/science.1227079},
}

@article{pressey2007conservation,
title = {Conservation planning in a changing world},
journal = {Trends in Ecology & Evolution},
volume = {22},
number = {11},
pages = {583-592},
year = {2007},
issn = {0169-5347},
doi = {https://doi.org/10.1016/j.tree.2007.10.001},
url = {https://www.sciencedirect.com/science/article/pii/S0169534707002807},
author = {Robert L. Pressey and Mar Cabeza and Matthew E. Watts and Richard M. Cowling and Kerrie A. Wilson}
}

@article{evans2011spatial,
  title={The spatial distribution of threats to species in {A}ustralia},
  author={Evans, Megan C and Watson, James EM and Fuller, Richard A and Venter, Oscar and Bennett, Simon C and Marsack, Peter R and Possingham, Hugh P},
  journal={Bioscience},
  volume={61},
  number={4},
  pages={281--289},
  year={2011},
  doi={https://doi.org/10.1525/bio.2011.61.4.8},
}

@article{mcleod2008control,
  title={Do control interventions effectively reduce the impact of European Red Foxes on conservation values and agricultural production in {A}ustralia?},
  author={McLeod, LJ and Saunders, GR and Kabat, TJ and others},
  journal={Systematic Review-Centre for Evidence-Based Conservation},
  number={24},
  year={2008},
  publisher={Centre for Evidence-Based Conservation}
}

@book{mcleod2004counting,
  title={Counting the cost: impact of invasive animals in {A}ustralia, 2004},
  author={McLeod, Ross and Norris, Andrew},
  year={2004},
  publisher={Cooperative Research Centre for Pest Animal Control Canberra}
}

@article{cattarino2016accounting,
title = {Accounting for continuous species' responses to management effort enhances cost-effectiveness of conservation decisions},
journal = {Biological Conservation},
volume = {197},
pages = {116-123},
year = {2016},
issn = {0006-3207},
doi = {https://doi.org/10.1016/j.biocon.2016.02.030},
url = {https://www.sciencedirect.com/science/article/pii/S0006320716300738},
author = {Lorenzo Cattarino and Virgilio Hermoso and Lindsay W. Bradford and Josie Carwardine and Kerrie A. Wilson and Mark J. Kennard and Simon Linke},
keywords = {Spatial conservation prioritization, Multi-action planning, Priority threat management, Ecological responses, Freshwater, {A}ustralia},
}

@book{kery2020applied,
  title={Applied Hierarchical Modeling in Ecology: Analysis of distribution, abundance and species richness in R and BUGS: Volume 2: Dynamic and Advanced Models},
  author={K{\'e}ry, Marc and Royle, J Andrew},
  year={2020},
  publisher={Academic Press}
}

@incollection{brashares2010ecological,
  title={Ecological and conservation implications of mesopredator release},
  author={Brashares, Justin S and Prugh, Laura R and Stoner, Chantal J and Epps, Clinton W},
  booktitle={Trophic cascades: predators, prey, and the changing dynamics of nature},
  chapter={13},
  pages={221--240},
  year={2010},
  publisher={{Island Press}}
}

@article{wallach2015apex,
  title={What is an apex predator?},
  author={Wallach, Arian D and Izhaki, Ido and Toms, Judith D and Ripple, William J and Shanas, Uri},
  journal={Oikos},
  volume={124},
  number={11},
  pages={1453--1461},
  year={2015},
  doi={https://doi.org/10.1111/oik.01977},
  publisher={Wiley Online Library}
}

@article{holt1997theoretical,
  title={A theoretical framework for intraguild predation},
  author={Holt, Robert D and Polis, Gary A},
  journal={The American Naturalist},
  volume={149},
  number={4},
  pages={745--764},
  year={1997},
  doi={https://doi.org/10.1086/286018},
  publisher={University of Chicago Press}
}

@article{vance2007influence,
  title={The influence of intraguild predation on prey suppression and prey release: a meta-analysis},
  author={Vance-Chalcraft, Heather D and Rosenheim, Jay A and Vonesh, James R and Osenberg, Craig W and Sih, Andrew},
  journal={Ecology},
  volume={88},
  number={11},
  pages={2689--2696},
  year={2007},
  doi={https://doi.org/10.1890/06-1869.1},
  publisher={Wiley Online Library}
}

@article{dall2004behavioural,
  title={The behavioural ecology of personality: consistent individual differences from an adaptive perspective},
  author={Dall, Sasha RX and Houston, Alasdair I and McNamara, John M},
  journal={Ecology Letters},
  volume={7},
  number={8},
  pages={734--739},
  year={2004},
  doi={https://doi.org/10.1111/j.1461-0248.2004.00618.x},
  publisher={Wiley Online Library}
}

@article{wallach2015novel,
title = {Novel trophic cascades: apex predators enable coexistence},
journal = {Trends in Ecology & Evolution},
volume = {30},
number = {3},
pages = {146-153},
year = {2015},
issn = {0169-5347},
doi = {https://doi.org/10.1016/j.tree.2015.01.003},
url = {https://www.sciencedirect.com/science/article/pii/S0169534715000051},
author = {Arian D. Wallach and William J. Ripple and Scott P. Carroll},
keywords = {apex predator, invasive species, top-down regulation},
}

@article{wallach2010predator,
  title={Predator control promotes invasive dominated ecological states},
  author={Wallach, Arian D and Johnson, Christopher N and Ritchie, Euan G and O’Neill, Adam J},
  journal={Ecology Letters},
  volume={13},
  number={8},
  pages={1008--1018},
  year={2010},
  doi={https://doi.org/10.1111/j.1461-0248.2010.01492.x},
  publisher={Wiley Online Library}
}

@article{glen2007evaluating,
  title={Evaluating the role of the dingo as a trophic regulator in {A}ustralian ecosystems},
  author={Glen, Al S and Dickman, Chris R and Soule, Michael E and Mackey, BG},
  journal={Austral Ecology},
  volume={32},
  number={5},
  pages={492--501},
  year={2007},
  doi={https://doi.org/10.1111/j.1442-9993.2007.01721.x},
  publisher={Wiley Online Library}
}

@article{kreyling2018replicate,
  title={To replicate, or not to replicate--that is the question: how to tackle nonlinear responses in ecological experiments},
  author={Kreyling, Juergen and Schweiger, Andreas H and Bahn, Michael and Ineson, Phil and Migliavacca, Mirco and Morel-Journel, Thibaut and Christiansen, Jesper Riis and Schtickzelle, Nicolas and Larsen, Klaus Steenberg},
  journal={Ecology Letters},
  volume={21},
  number={11},
  pages={1629--1638},
  year={2018},
  doi={https://doi.org/10.1111/ele.13134},
  publisher={Wiley Online Library}
}

@ELECTRONIC{delwp2020elevation,
        author = {{Department of Environment, Land, Water & Planning}},
        title = {Vicmap {E}levation {DEM} 10m},
        year = {2020},
        url = {https://www.land.vic.gov.au/maps-and-spatial/spatial-data/vicmap-catalogue/vicmap-elevation},
        owner = {Department of Environment, Land, Water & Planning},
        timestamp = {2021.12.24}
}

@ELECTRONIC{NV2005_EVCBCS,
        author = {{Department of Environment, Land, Water & Planning}},
        title = {{Native Vegetation - Modelled 2005 Ecological Vegetation Classes (with Bioregional Conservation Status)}},
        year = {2019},
        url = {http://services.land.vic.gov.au/catalogue/metadata?anzlicId=ANZVI0803003495&publicId=guest&extractionProviderId=1},
        owner = {Department of Environment, Land, Water & Planning},
        timestamp = {2021.11.12},
}

@book{braysher2017managing,
  title={Managing {A}ustralia's pest animals: A guide to strategic planning and effective management},
  author={Braysher, Mike},
  year={2017},
  publisher={{CSIRO Publishing}}
}

@article{glen2003monitoring,
  title={Monitoring bait removal in vertebrate pest control: a comparison using track identification and remote photography},
  author={Glen, Alistair S and Dickman, Chris R},
  journal={Wildlife Research},
  volume={30},
  number={1},
  pages={29--33},
  year={2003},
  doi={https://doi.org/10.1071/WR01059},
  publisher={{CSIRO Publishing}}
}

@article{fairbridge2000observations,
  title={Observations of the behaviour of free living bush rat, \textit{{R}attus fuscipes} and southern brown bandicoot, \textit{{I}soodon obesulus} at buried bait stations},
  author={Fairbridge, David and Fisher, Penny and Busana, Frank and Pontin, Karen and Edwards, Alex},
  journal={{A}ustralian Mammalogy},
  volume={22},
  number={2},
  pages={125--127},
  year={2000},
  doi={https://doi.org/10.1071/AM00125},
  publisher={{CSIRO Publishing}}
}

@article{gentle2007persistence,
  title={Persistence of sodium monofluoroacetate (1080) in fox baits and implications for fox management in south-eastern {A}ustralia},
  author={Gentle, MN and Saunders, GR and Dickman, CR},
  journal={Wildlife Research},
  volume={34},
  number={4},
  pages={325--333},
  year={2007},
  doi={https://doi.org/10.1071/WR06163},
  publisher={{CSIRO Publishing}}
}

@article{saunders2000degradation,
  title={Degradation of sodium monofluoroacetate (1080) in buried fox baits},
  author={Saunders, Glen and McLeod, Steven and Kay, Barry},
  journal={Wildlife Research},
  volume={27},
  number={2},
  pages={129--135},
  year={2000},
  doi={https://doi.org/10.1071/WR99031},
  publisher={{CSIRO Publishing}}
}

@article{marlow2015lethal,
  title={Lethal 1080 baiting continues to reduce European red fox \textit{({Vulpes vulpes})} abundance after more than 25 years of continuous use in south-west {W}estern {A}ustralia},
  author={Marlow, Nicola J and Thomas, Neil D and Williams, Andrew AE and Macmahon, Brian and Lawson, John and Hitchen, Yvette and Angus, John and Berry, Oliver},
  journal={Ecological Management \& Restoration},
  volume={16},
  number={2},
  pages={131--141},
  year={2015},
  doi={https://doi.org/10.1111/emr.12162},
  publisher={Wiley Online Library}
}

@book{saunders2007improving,
  title={Improving fox management strategies in {A}ustralia},
  author={Saunders, Glen and McLeod, Lynette},
  year={2007},
  publisher={Bureau of Rural Sciences},
  address={Canberra, Australia},
}

@thesis{thorpe2020predator,
  title={Predator and herbivore occupancy and habitat use in response to fox baiting in the {Little Desert, V}ictoria},
  author={Thorpe, Mary},
  year={2020},
  type={Honours Thesis},
  school={Deakin University},
  doi={http://hdl.handle.net/10536/DRO/DU:30139134}
}

@article{saunders1999caching,
  title={Caching of baits by foxes \textit{({Vulpes vulpes})} on agricultural lands},
  author={Saunders, Glen and Kay, Barry and McLeod, Lynette},
  journal={Wildlife Research},
  volume={26},
  number={3},
  pages={335--340},
  year={1999},
  doi={https://doi.org/10.1071/WR98056},
  publisher={{CSIRO Publishing}}
}

@article{carter2013fox,
  title={Fox baiting in agricultural landscapes: preliminary findings on the importance of bait-site selection},
  author={Carter, Andrew and Luck, Gary W},
  journal={Wildlife Research},
  volume={40},
  number={3},
  pages={184--195},
  year={2013},
  doi={https://doi.org/10.1071/WR12169},
  publisher={{CSIRO Publishing}}
}

@online{drying2021kala,
   author={Kala, Jatin and Robson, Belinda and Fontaine, Joe and Beatty, Stephen and Wernberg, Thomas},
   title={Drying land and heating seas: why nature in {A}ustralia’s southwest is on the climate frontline},
   journal={The Conversation. Accessed November 2021},
   month={October},
   year={2021},
   url={https://theconversation.com/drying-land-and-heating-seas-why-nature-in-australias-southwest-is-on-the-climate-frontline-170377}
}

@online{bennett2021prescribed,
   author={Bennett, Mark and Edwards, Tom},
   title={Prescribed burn devastates one of {WA's} last two endangered numbat habitats},
   journal={{A}ustralian Broadcasting Company},
   month={May},
   year={2021},
   accessed={January 2022},
   url={https://www.abc.net.au/news/2021-05-02/prescribed-burn-decimates-numbat-habitat-wa/100110960}
}

@article{foster2017effects,
  title={Effects of a large wildfire on vegetation structure in a variable fire mosaic},
  author={Foster, CN and Barton, PS and Robinson, NM and MacGregor, CI and Lindenmayer, David B},
  journal={Ecological Applications},
  volume={27},
  number={8},
  pages={2369--2381},
  year={2017},
  publisher={Wiley Online Library},
  doi={https://doi.org/10.1002/eap.1614}
}

@article{dexter2013unintended,
  title={Unintended consequences of invasive predator control in an {A}ustralian forest: overabundant wallabies and vegetation change},
  author={Dexter, Nick and Hudson, Matt and James, Stuart and MacGregor, Christopher and Lindenmayer, David B},
  journal={PLoS One},
  volume={8},
  number={8},
  pages={e69087},
  year={2013},
  doi={https://doi.org/10.1371/journal.pone.0069087},
  publisher={Public Library of Science San Francisco, USA}
}

@article{banks2000predation,
  title={Predation by red foxes limits recruitment in populations of eastern grey kangaroos},
  author={Banks, Peter B and Newsome, Alan E and Dickman, Chris R},
  journal={Austral Ecology},
  volume={25},
  number={3},
  pages={283--291},
  year={2000},
  doi={https://doi.org/10.1046/j.1442-9993.2000.01039.x},
  publisher={Wiley Online Library}
}

@article{brown1999ecology,
  title={The ecology of fear: optimal foraging, game theory, and trophic interactions},
  author={Brown, Joel S and Laundr{\'e}, John W and Gurung, Mahesh},
  journal={Journal of Mammalogy},
  volume={80},
  number={2},
  pages={385--399},
  year={1999},
  doi={https://doi.org/10.2307/1383287},
  publisher={Oxford University Press}
}

@article{ripple2004wolves,
  title={Wolves and the ecology of fear: can predation risk structure ecosystems?},
  author={Ripple, William J and Beschta, Robert L},
  journal={BioScience},
  volume={54},
  number={8},
  pages={755--766},
  year={2004},
  doi={https://doi.org/10.1641/0006-3568(2004)054[0755:WATEOF]2.0.CO;2},
  publisher={American Institute of Biological Sciences}
}

@article{lima1999temporal,
  title={Temporal variation in danger drives antipredator behavior: the predation risk allocation hypothesis},
  author={Lima, Steven L and Bednekoff, Peter A},
  journal={The American Naturalist},
  volume={153},
  number={6},
  pages={649--659},
  year={1999},
  doi={https://doi.org/10.1086/303202},
  publisher={The University of Chicago Press}
}

@article{willems2009predator,
  title={Predator-specific landscapes of fear and resource distribution: effects on spatial range use},
  author={Willems, Erik P and Hill, Russell A},
  journal={Ecology},
  volume={90},
  number={2},
  pages={546--555},
  year={2009},
  doi={https://doi.org/10.1890/08-0765.1},
  publisher={Wiley Online Library}
}

@article{allen2017can,
  title={Can we save large carnivores without losing large carnivore science?},
  author={Allen, Benjamin L and Allen, Lee R and Andr{\'e}n, Henrik and Ballard, Guy and Boitani, Luigi and Engeman, Richard M and Fleming, Peter JS and Ford, Adam T and Haswell, Peter M and Kowalczyk, Rafa{\l} and others},
  journal={Food Webs},
  volume={12},
  pages={64--75},
  year={2017},
  doi={https://doi.org/10.1016/j.fooweb.2017.02.008},
  publisher={Elsevier}
}

@article{haswell2017large,
  title={Large carnivore impacts are context-dependent},
  author={Haswell, Peter M and Kusak, Josip and Hayward, Matt W},
  journal={Food Webs},
  volume={12},
  pages={3--13},
  year={2017},
  doi={https://doi.org/10.1016/j.fooweb.2016.02.005},
  publisher={Elsevier}
}

@article{nuske2017redundancy,
  title={Redundancy among mammalian fungal dispersers and the importance of declining specialists},
  author={Nuske, SJ and Vernes, K and May, TW and Claridge, AW and Congdon, BC and Krockenberger, A and Abell, SE},
  journal={Fungal Ecology},
  volume={27},
  pages={1--13},
  year={2017},
  doi={https://doi.org/10.1016/j.funeco.2017.02.005},
  publisher={Elsevier}
}

@article{fleming2014loss,
  title={Is the loss of {A}ustralian digging mammals contributing to a deterioration in ecosystem function?},
  author={Fleming, Patricia A and Anderson, Hannah and Prendergast, Amy S and Bretz, Michael R and Valentine, Leonie E and Hardy, Giles E StJ},
  journal={Mammal Review},
  volume={44},
  number={2},
  pages={94--108},
  year={2014},
  doi={https://doi.org/10.1111/mam.12014},
  publisher={Wiley Online Library}
}

@article{treves2019predator,
  title={Predator control needs a standard of unbiased randomized experiments with cross-over design},
  author={Treves, Adrian and Krofel, Miha and Ohrens, Omar and van Eeden, Lily M},
  journal={Frontiers in Ecology and Evolution},
  volume={7},
  pages={462},
  year={2019},
  doi={https://doi.org/10.3389/fevo.2019.00462},
  publisher={Frontiers}
}

@article{woinarski2021compounding,
  title={Compounding and complementary carnivores: {A}ustralian bird species eaten by the introduced European red fox \textit{({Vulpes vulpes})} and domestic cat \textit{({Felis catus})}},
  author={Woinarski, John C.Z and Stobo-Wilson, Alyson M and Crawford, Heather M and Dawson, Stuart J and Dickman, Chris R and Doherty, Tim S and Fleming, Patricia A and Garnett, Stephen T and Gentle, Matthew N and Legge, Sarah M and others},
  journal={Bird Conservation International},
  pages={1--17},
  year={2021},
  DOI={10.1017/S0959270921000460},
  publisher={Cambridge University Press}
}

@article{moseby2009movement,
  title={Movement patterns of feral predators in an arid environment--implications for control through poison baiting},
  author={Moseby, KE and Stott, J and Crisp, H},
  journal={Wildlife Research},
  volume={36},
  number={5},
  pages={422--435},
  year={2009},
  doi={https://doi.org/10.1071/WR08098},
  publisher={{CSIRO Publishing}}
}

@article{moseby2015catastrophic,
  title={Catastrophic cat predation: a call for predator profiling in wildlife protection programs},
  author={Moseby, KE and Peacock, DE and Read, JL},
  journal={Biological Conservation},
  volume={191},
  pages={331--340},
  year={2015},
  doi={https://doi.org/10.1016/j.biocon.2015.07.026},
  publisher={Elsevier}
}

@article{claridge2000factors,
  title={Factors influencing the distribution of medium-sized ground-dwelling mammals in southeastern mainland {A}ustralia},
  author={Claridge, Andrew W and Barry, Simon C},
  journal={Austral Ecology},
  volume={25},
  number={6},
  pages={676--688},
  year={2000},
  doi={https://doi.org/10.1111/j.1442-9993.2000.tb00074.x},
  publisher={Wiley Online Library}
}

@article{relyea2003predators,
  title={Predators come and predators go: the reversibility of predator-induced traits},
  author={Relyea, Rick A},
  journal={Ecology},
  volume={84},
  number={7},
  pages={1840--1848},
  year={2003},
  doi={https://doi.org/10.1890/0012-9658(2003)084[1840:PCAPGT]2.0.CO;2},
  publisher={Wiley Online Library}
}

@article{brown2013phenotypically,
  title={Phenotypically plastic neophobia: a response to variable predation risk},
  author={Brown, Grant E and Ferrari, Maud CO and Elvidge, Chris K and Ramnarine, Indar and Chivers, Douglas P},
  journal={Proceedings of the Royal Society B: Biological Sciences},
  volume={280},
  number={1756},
  pages={20122712},
  year={2013},
  doi={https://doi.org/10.1098/rspb.2012.2712},
  publisher={The Royal Society}
}

@article{saggiomo2021fox,
  title={The fox who cried wolf: A keywords and literature trend analysis on the phenomenon of mesopredator release},
  author={Saggiomo, Laura and Bar, Valentina and Esattore, Bruno},
  journal={Ecological Complexity},
  volume={48},
  pages={100963},
  year={2021},
  doi={https://doi.org/10.1016/j.ecocom.2021.100963},
  publisher={Elsevier}
}

@article{conquest2000analysis,
  title={Analysis and interpretation of ecological field data using {BACI} designs: discussion},
  author={Conquest, Loveday L},
  journal={Journal of Agricultural, Biological, and Environmental Statistics},
  pages={293--296},
  year={2000},
  doi={https://doi.org/10.2307/1400455},
  publisher={JSTOR}
}

@article{denny2010review,
  title={Review of cat ecology and management strategies in {A}ustralia},
  author={Denny, Elizabeth A and Dickman, CR},
  journal={Invasive Animals Cooperative Research Centre, Canberra},
  year={2010}
}

@article{denny2002social,
  title={Social and genetic analysis of a population of free-living cats \textit{({Felis catus L.})} exploiting a resource-rich habitat},
  author={Denny, Elizabeth and Yakovlevich, Paul and Eldridge, Mark DB and Dickman, Chris},
  journal={Wildlife Research},
  volume={29},
  number={4},
  pages={405--413},
  year={2002},
  doi={https://doi.org/10.1071/WR02092},
  publisher={{CSIRO Publishing}}
}

@article{cavallini1996variation,
  title={Variation in the social system of the red fox},
  author={Cavallini, Paolo},
  journal={Ethology Ecology \& Evolution},
  volume={8},
  number={4},
  pages={323--342},
  year={1996},
  doi={https://doi.org/10.1080/08927014.1996.9522906},
  publisher={Taylor \& Francis}
}

@book{moehlman1997cooperative,
  title={Cooperative breeding, reproductive suppression, and body mass in canids.},
  author={Moehlman, Patricia D and Hofer, Heribert},
  year={1997},
  publisher={Cambridge University Press}
}

@article{baker2004polygynandry,
  title={Polygynandry in a red fox population: implications for the evolution of group living in canids?},
  author={Baker, Philip J and Funk, Stephan M and Bruford, Michael W and Harris, Stephen},
  journal={Behavioral Ecology},
  volume={15},
  number={5},
  pages={766--778},
  year={2004},
  doi={https://doi.org/10.1093/beheco/arh077},
  publisher={Oxford University Press}
}

@article{braastad1993maternal,
  title={Maternal infanticide and periparturient behaviour in farmed silver foxes \textit{{V}ulpes vulpes}},
  author={Braastad, Bjarne O and Bakken, Morten},
  journal={Applied Animal Behaviour Science},
  volume={36},
  number={4},
  pages={347--361},
  year={1993},
  doi={https://doi.org/10.1016/0168-1591(93)90132-9},
  publisher={Elsevier}
}

@article{abrams1993predation,
  title={Why predation rate should not be proportional to predator density},
  author={Abrams, Peter A},
  journal={Ecology},
  volume={74},
  number={3},
  pages={726--733},
  year={1993},
  doi={https://doi.org/10.2307/1940800},
  publisher={Wiley Online Library}
}

@article{mcgregor2015feral,
  title={Feral cats are better killers in open habitats, revealed by animal-borne video},
  author={McGregor, Hugh and Legge, Sarah and Jones, Menna E and Johnson, Christopher N},
  journal={PloS one},
  volume={10},
  number={8},
  pages={e0133915},
  year={2015},
  doi={https://doi.org/10.1371/journal.pone.0133915},
  publisher={Public Library of Science San Francisco, CA USA}
}

@article{greenwell2019cat,
  title={Cat gets its tern: A case study of predation on a threatened coastal seabird},
  author={Greenwell, Claire N and Calver, Michael C and Loneragan, Neil R},
  journal={Animals},
  volume={9},
  number={7},
  pages={445},
  year={2019},
  doi={https://doi.org/10.3390/ani9070445},
  publisher={Multidisciplinary Digital Publishing Institute}
}

@article{dickman2015individual,
  title={Individual hunting behaviour and prey specialisation in the house cat \textit{{F}elis catus}: implications for conservation and management},
  author={Dickman, Christopher R and Newsome, Thomas M},
  journal={Applied Animal Behaviour Science},
  volume={173},
  pages={76--87},
  year={2015},
  doi={https://doi.org/10.1016/j.applanim.2014.09.021},
  publisher={Elsevier}
}

@article{hamer2021triple,
  title={A triple threat: high population density, high foraging intensity and flexible habitat preferences explain high impact of feral cats on prey},
  author={Hamer, Rowena P and Gardiner, Riana Z and Proft, Kirstin M and Johnson, Christopher N and Jones, Menna E},
  journal={Proceedings of the Royal Society B},
  volume={288},
  number={1942},
  pages={20201194},
  year={2021},
  doi={https://doi.org/10.1098/rspb.2020.1194},
  publisher={The Royal Society}
}

@article{davies2021variation,
  title={Variation in feral cat density between two large adjacent islands in {A}ustralia’s monsoon tropics},
  author={Davies, Hugh F and Rangers, Tiwi Land and Rees, Matthew W and Stokeld, Danielle and Miller, Anna C and Gillespie, Graeme R and Murphy, Brett P},
  journal={Pacific Conservation Biology},
  year={2021},
  doi={https://doi.org/10.1071/PC20088},
  publisher={{CSIRO Publishing}}
}

@article{davies2018declining,
  title={Declining populations in one of the last refuges for threatened mammal species in northern {A}ustralia},
  author={Davies, Hugh F and McCarthy, Michael A and Firth, Ronald SC and Woinarski, John C.Z and Gillespie, Graeme R and Andersen, Alan N and Rioli, Willie and Puruntatameri, Jos{\'e} and Roberts, Willie and Kerinaiua, Colin and others},
  journal={Austral Ecology},
  volume={43},
  number={5},
  pages={602--612},
  year={2018},
  doi={https://doi.org/10.1111/aec.12596},
  publisher={Wiley Online Library}
}

@article{stobo2020bottom,
  title={Bottom-up and top-down processes influence contemporary patterns of mammal species richness in {A}ustralia's monsoonal tropics},
  author={Stobo-Wilson, AM and Stokeld, D and Einoder, LD and Davies, HF and Fisher, A and Hill, BM and Mahney, T and Murphy, BP and Scroggie, MP and Stevens, A and others},
  journal={Biological Conservation},
  volume={247},
  pages={108638},
  year={2020},
  doi={https://doi.org/10.1016/j.biocon.2020.108638},
  publisher={Elsevier}
}

@article{tuft2021cats,
  title={Cats are a key threatening factor to the survival of local populations of native small mammals in {A}ustralia’s tropical savannas: evidence from translocation trials with \textit{{R}attus tunneyi}},
  author={Tuft, Katherine and Legge, Sarah and Frank, Anke SK and James, Alex I and May, Tegan and Page, Ethan and Radford, Ian J and Woinarski, John C.Z and Fisher, Alaric and Lawes, Michael J and others},
  journal={Wildlife Research},
  volume={48},
  number={7},
  pages={654--662},
  year={2021},
  doi={https://doi.org/10.1071/WR20193},
  publisher={{CSIRO Publishing}}
}

@article{stokeld2016experimental,
  title={Experimental evaluation of the role of feral cat predation in the decline of small mammals in {K}akadu National Park},
  author={Stokeld, Danielle and Gentles, Timothy and Young, Stuart and Hill, Brydie and Fisher, Alaric and Woinarski, John C.Z. and Gillespie, Graeme},
  journal={NT Department of Land Resource Management, Berrimah},
  year={2016}
}

@article{ziembicki2015stemming,
  title={Stemming the tide: progress towards resolving the causes of decline and implementing management responses for the disappearing mammal fauna of northern {A}ustralia},
  author={Ziembicki, Mark R and Woinarski, John C.Z and Webb, Jonathan K and Vanderduys, Eric and Tuft, Katherine and Smith, James and Ritchie, Euan G and Reardon, Terry B and Radford, Ian J and Preece, Noel and others},
  journal={Therya},
  volume={6},
  number={1},
  pages={169--225},
  year={2015},
  doi={https://doi.org/10.12933/therya-15-236},
  publisher={Centro de Investigaciones Biol{\'o}gicas del Noroeste}
}

@article{wayne2017falling,
  title={Falling apart? Insights and lessons from three recent studies documenting rapid and severe decline in terrestrial mammal assemblages of northern, south-eastern and south-western {A}ustralia},
  author={Wayne, AF and Wilson, Barbara A and Woinarski, JCZ},
  journal={Wildlife Research},
  volume={44},
  number={2},
  pages={114--126},
  year={2017},
  doi={https://doi.org/10.1071/WR16178},
  publisher={{CSIRO Publishing}}
}

@article{lock2017influence,
  title={Influence of rainfall on population dynamics and survival of a threatened rodent \textit{({Pseudomys novaehollandiae})} under a drying climate in coastal woodlands of south-eastern {A}ustralia},
  author={Lock, Mandy and Wilson, Barbara A},
  journal={{A}ustralian Journal of Zoology},
  volume={65},
  number={1},
  pages={60--70},
  year={2017},
  doi={https://doi.org/10.1071/ZO16084},
  publisher={{CSIRO Publishing}}
}

@article{wilson2017decline,
  title={Decline of the dasyurid marsupial \textit{{Antechinus minimus maritimus}} in south-east {A}ustralia: implications for recovery and management under a drying climate},
  author={Wilson, Barbara A and Zhuang-Griffin, Lily and Garkaklis, Mark J},
  journal={{A}ustralian Journal of Zoology},
  volume={65},
  number={4},
  pages={203--216},
  year={2017},
  doi={https://doi.org/10.1071/ZO17041},
  publisher={{CSIRO Publishing}}
}

@article{wilson2020patterns,
  title={Patterns of decline of small mammal assemblages in vegetation communities of coastal south-east {A}ustralia: identification of habitat refuges},
  author={Wilson, Barbara A and Garkaklis, Mark J},
  journal={{A}ustralian Mammalogy},
  volume={43},
  number={2},
  pages={203--220},
  year={2020},
  doi={https://doi.org/10.1071/AM20032},
  publisher={{CSIRO Publishing}}
}

@article{collins2012can,
  title={Can gullies preserve complex forest structure in frequently burnt landscapes?},
  author={Collins, Luke and Bradstock, Ross A and Tasker, Elizabeth M and Whelan, Robert J},
  journal={Biological Conservation},
  volume={153},
  pages={177--186},
  year={2012},
  doi={https://doi.org/10.1016/j.biocon.2012.04.021},
  publisher={Elsevier}
}

@article{mckenzie2007analysis,
  title={Analysis of factors implicated in the recent decline of {A}ustralia's mammal fauna},
  author={McKenzie, NL and Burbidge, AA and Baynes, A and Brereton, RN and Dickman, CR and Gordon, G and Gibson, LA and Menkhorst, PW and Robinson, AC and Williams, MR and others},
  journal={Journal of Biogeography},
  volume={34},
  number={4},
  pages={597--611},
  year={2007},
  doi={https://doi.org/10.1111/j.1365-2699.2006.01639.x},
  publisher={Wiley Online Library}
}

@misc{gallant2012topographic,
  title={{Topographic Wetness Index derived from 1” SRTM DEM-H. V2. 11 CSIRO. Data Collection}},
  author={Gallant, J and Austin, J},
  url={https://data.csiro.au/collection/csiro:5588},
  year={2012}
}

@article{beven1979physically,
  title={A physically based, variable contributing area model of basin hydrology},
  author={Beven, Keith J and Kirkby, Michael J},
  journal={Hydrological Sciences Journal},
  volume={24},
  number={1},
  pages={43--69},
  year={1979},
  doi={https://doi.org/10.1080/02626667909491834},
  publisher={Taylor \& Francis}
}

@article{mccarthy2013influence,
  title={The influence of abundance on detectability},
  author={McCarthy, Michael A and Moore, Joslin L and Morris, William K and Parris, Kirsten M and Garrard, Georgia E and Vesk, Peter A and Rumpff, Libby and Giljohann, Kate M and Camac, James S and Bau, S Sana},
  journal={Oikos},
  volume={122},
  number={5},
  pages={717--726},
  year={2013},
  doi={https://doi.org/10.1111/j.1600-0706.2012.20781.x},
  publisher={Wiley Online Library}
}

@article{guillera2015my,
  title={Is my species distribution model fit for purpose? Matching data and models to applications},
  author={Guillera-Arroita, Gurutzeta and Lahoz-Monfort, Jos{\'e} J and Elith, Jane and Gordon, Ascelin and Kujala, Heini and Lentini, Pia E and McCarthy, Michael A and Tingley, Reid and Wintle, Brendan A},
  journal={Global Ecology and Biogeography},
  volume={24},
  number={3},
  pages={276--292},
  year={2015},
  doi={https://doi.org/10.1111/geb.12268},
  publisher={Wiley Online Library}
}

@article{stokeld2015multiple,
  title={Multiple cameras required to reliably detect feral cats in northern {A}ustralian tropical savanna: an evaluation of sampling design when using camera traps},
  author={Stokeld, Danielle and Frank, Anke SK and Hill, Brydie and Choy, Jenni Low and Mahney, Terry and Stevens, Alys and Young, Stuart and Rangers, Djelk and Rangers, Warddeken and Gillespie, Graeme R},
  journal={Wildlife Research},
  volume={42},
  number={8},
  pages={642--649},
  year={2015},
  doi={https://doi.org/10.1071/WR15083},
  publisher={{CSIRO Publishing}}
}

@article{algar2020feral,
  title={Feral cat eradication on {Dirk Hartog Island, Western {A}ustralia}},
  author={Algar, D and Johnston, M and Tiller, C and Onus, M and Fletcher, J and Desmond, G and Hamilton, N and Speldewinde, P},
  journal={Biological Invasions},
  volume={22},
  number={3},
  pages={1037--1054},
  year={2020},
  doi={https://doi.org/10.1007/s10530-019-02154-y},
  publisher={Springer}
}

@phdthesis{smith2013fire,
  title={Fire, foxes and foliage: conservation management of the southern brown bandicoot and long-nosed potoroo},
  author={Smith, Justine Kate},
  year={2013},
  publisher={University of Melbourne},
  school = {Department of Zoology},
  note = {Doctor of Philosophy},
  url = {http://hdl.handle.net/11343/38628}
}

@article{rota2016multispecies,
  title={A multispecies occupancy model for two or more interacting species},
  author={Rota, Christopher T and Ferreira, Marco AR and Kays, Roland W and Forrester, Tavis D and Kalies, Elizabeth L and McShea, William J and Parsons, Arielle W and Millspaugh, Joshua J},
  journal={Methods in Ecology and Evolution},
  volume={7},
  number={10},
  pages={1164--1173},
  year={2016},
  doi={https://doi.org/10.1111/2041-210X.12587},
  publisher={Wiley Online Library}
}

@article{niedballa2019assessing,
  title={Assessing analytical methods for detecting spatiotemporal interactions between species from camera trapping data},
  author={Niedballa, J{\"u}rgen and Wilting, Andreas and Sollmann, Rahel and Hofer, Heribert and Courtiol, Alexandre},
  journal={Remote Sensing in Ecology and Conservation},
  volume={5},
  number={3},
  pages={272--285},
  year={2019},
  doi={https://doi.org/10.1002/rse2.107},
  publisher={Wiley Online Library}
}

@article{mcgregor2020short,
  title={The short-term response of feral cats to rabbit population decline: are alternative native prey more at risk?},
  author={McGregor, Hugh and Moseby, Katherine and Johnson, Christopher N and Legge, Sarah},
  journal={Biological Invasions},
  volume={22},
  number={2},
  pages={799--811},
  year={2020},
  doi={https://doi.org/10.1007/s10530-019-02131-5},
  publisher={Springer}
}

@article{scroggie2018invasive,
  title={Invasive prey controlling invasive predators? European rabbit abundance does not determine red fox population dynamics},
  author={Scroggie, Michael P and Forsyth, David M and McPhee, Steven R and Matthews, John and Stuart, Ivor G and Stamation, Kasey A and Lindeman, Michael and Ramsey, David SL},
  journal={Journal of Applied Ecology},
  volume={55},
  number={6},
  pages={2621--2631},
  year={2018},
  doi={https://doi.org/10.1111/1365-2664.13253},
  publisher={Wiley Online Library}
}

@article{norbury2015pests,
  title={Pests controlling pests: does predator control lead to greater {E}uropean rabbit abundance in {A}ustralasia?},
  author={Norbury, Grant and Jones, Chris},
  journal={Mammal Review},
  volume={45},
  number={2},
  pages={79--87},
  year={2015},
  doi={https://doi.org/10.1111/mam.12034},
  publisher={Wiley Online Library}
}

@article{d2018disentangling,
  title={Disentangling biotic interactions, environmental filters, and dispersal limitation as drivers of species co-occurrence},
  author={D'Amen, Manuela and Mod, Heidi K and Gotelli, Nicholas J and Guisan, Antoine},
  journal={Ecography},
  volume={41},
  number={8},
  pages={1233--1244},
  year={2018},
  doi={https://doi.org/10.1111/ecog.03148},
  publisher={Wiley Online Library}
}

@article{cazelles2016theory,
  title={A theory for species co-occurrence in interaction networks},
  author={Cazelles, K{\'e}vin and Ara{\'u}jo, Miguel B and Mouquet, Nicolas and Gravel, Dominique},
  journal={Theoretical Ecology},
  volume={9},
  number={1},
  pages={39--48},
  year={2016},
  doi={https://doi.org/10.1007/s12080-015-0281-9},
  publisher={Springer}
}

@article{sun2014trap,
  title={Trap configuration and spacing influences parameter estimates in spatial capture-recapture models},
  author={Sun, Catherine C and Fuller, Angela K and Royle, J Andrew},
  journal={PloS one},
  volume={9},
  number={2},
  pages={e88025},
  year={2014},
  doi={https://doi.org/10.1371/journal.pone.0088025},
  publisher={Public Library of Science San Francisco, USA}
}

@article{clark2019comparing,
  title={Comparing clustered sampling designs for spatially explicit estimation of population density},
  author={Clark, Joseph D},
  journal={Population Ecology},
  volume={61},
  number={1},
  pages={93--101},
  year={2019},
  doi={https://doi.org/10.1002/1438-390X.1011},
  publisher={Wiley Online Library}
}

@article{heithaus2009towards,
  title={Towards a predictive framework for predator risk effects: the interaction of landscape features and prey escape tactics},
  author={Heithaus, Michael R and Wirsing, Aaron J and Burkholder, Derek and Thomson, Jordan and Dill, Lawrence M},
  journal={Journal of Animal Ecology},
  volume={78},
  number={3},
  pages={556--562},
  year={2009},
  doi={https://doi.org/10.1111/j.1365-2656.2008.01512.x},
  publisher={Wiley Online Library}
}

@article{wirsing2021context,
  title={The context dependence of non-consumptive predator effects},
  author={Wirsing, Aaron J and Heithaus, Michael R and Brown, Joel S and Kotler, Burt P and Schmitz, Oswald J},
  journal={Ecology Letters},
  volume={24},
  number={1},
  pages={113--129},
  year={2021},
  doi={https://doi.org/10.1111/ele.13614},
  publisher={Wiley Online Library}
}

@article{efford2004density,
  title={Density estimation in live-trapping studies},
  author={Efford, Murray},
  journal={Oikos},
  volume={106},
  number={3},
  pages={598--610},
  year={2004},
  doi={https://doi.org/10.1111/j.0030-1299.2004.13043.x},
  publisher={Wiley Online Library}
}

@article{sivy2017fatal,
  title={Fatal attraction? Intraguild facilitation and suppression among predators},
  author={Sivy, Kelly J and Pozzanghera, Casey B and Grace, James B and Prugh, Laura R},
  journal={The American Naturalist},
  volume={190},
  number={5},
  pages={663--679},
  year={2017},
  doi={https://doi.org/10.1086/693996},
  publisher={University of Chicago Press Chicago, IL}
}

@article{sinclair2002complex,
  title={Complex numerical responses to top--down and bottom--up processes in vertebrate populations},
  author={Sinclair, ARE and Krebs, Charles J},
  journal={Philosophical Transactions of the Royal Society of London. Series B: Biological Sciences},
  volume={357},
  number={1425},
  pages={1221--1231},
  year={2002},
  doi={https://doi.org/10.1098/rstb.2002.1123},
  publisher={The Royal Society}
}

@article{meserve2003thirteen,
  title={Thirteen years of shifting top-down and bottom-up control},
  author={Meserve, Peter L and Kelt, Douglas A and Milstead, W Bryan and Guti{\'e}rrez, Julio R},
  journal={BioScience},
  volume={53},
  number={7},
  pages={633--646},
  year={2003},
  doi={https://doi.org/10.1641/0006-3568(2003)053[0633:TYOSTA]2.0.CO;2},
  publisher={American Institute of Biological Sciences}
}

@article{anderson2001need,
  title={The need to get the basics right in wildlife field studies},
  author={Anderson, David R},
  journal={Wildlife Society Bulletin},
  pages={1294--1297},
  year={2001},
  publisher={JSTOR},
  doi={https://doi.org/10.2307/3784156}
}

@inproceedings{yang2021individual, 
  author = {Yang, Zihan and Sinnott, Richard and Ke, Qiuhong and Bailey, James}, 
  title = {Individual Feral Cat Identification through Deep Learning}, 
  year = {2021}, 
  isbn = {9781450391641}, 
  publisher = {Association for Computing Machinery}, 
  doi = {https://doi.org/10.1145/3492324.3494168}, 
  booktitle = {{2021 IEEE/ACM 8th International Conference on Big Data Computing, Applications and Technologies   (BDCAT '21)}}, 
  pages = {101–110}, 
  numpages = {10}, 
  doi={https://doi.org/10.1145/3492324.3494168},
  keywords = {YOLOv5, Feral cat, Individual identification, Deep learning}, 
  location = {Leicester, United Kingdom}, series = {BDCAT '21} 
}

@article{ford2015trophic,
  title={Trophic cascades by large carnivores: a case for strong inference and mechanism},
  author={Ford, Adam T and Goheen, Jacob R},
  journal={Trends in Ecology \& Evolution},
  volume={30},
  number={12},
  pages={725--735},
  year={2015},
  doi={https://doi.org/10.1016/j.tree.2015.09.012},
  publisher={Elsevier}
}

@article{donadio2006diet,
  title={Diet, morphology, and interspecific killing in {C}arnivora},
  author={Donadio, Emiliano and Buskirk, Steven W},
  journal={The American Naturalist},
  volume={167},
  number={4},
  pages={524--536},
  year={2006},
  doi={https://doi.org/10.1086/501033},
  publisher={The University of Chicago Press}
}

@article{schmitz1997behaviorally,
  title={Behaviorally mediated trophic cascades: effects of predation risk on food web interactions},
  author={Schmitz, Oswald J and Beckerman, Andrew P and O’Brien, Kathleen M},
  journal={Ecology},
  volume={78},
  number={5},
  pages={1388--1399},
  year={1997},
  doi={https://doi.org/10.1890/0012-9658(1997)078[1388:BMTCEO]2.0.CO;2},
  publisher={Wiley Online Library}
}

@article{ripple2016trophic,
  title={What is a trophic cascade?},
  author={Ripple, William J and Estes, James A and Schmitz, Oswald J and Constant, Vanessa and Kaylor, Matthew J and Lenz, Adam and Motley, Jennifer L and Self, Katharine E and Taylor, David S and Wolf, Christopher},
  journal={Trends in ecology \& evolution},
  volume={31},
  number={11},
  pages={842--849},
  year={2016},
  doi={https://doi.org/10.1016/j.tree.2016.08.010},
  publisher={Elsevier}
}

@article{rendall2022does,
  title={Does the foraging ecology of feral cats change after the eradication of foxes?},
  author={Rendall, Anthony R and Sutherland, Duncan R and Cooke, Raylene and White, John G},
  journal={Biological Invasions},
  pages={1--14},
  year={2022},
  doi={https://doi.org/10.1007/s10530-021-02718-x},
  publisher={Springer}
}

@article{janssen2007habitat,
  title={Habitat structure affects intraguild predation},
  author={Janssen, Arne and Sabelis, Maurice W and Magalh{\~a}es, Sara and Montserrat, Marta and Van der Hammen, Tessa},
  journal={Ecology},
  volume={88},
  number={11},
  pages={2713--2719},
  year={2007},
  doi={https://doi.org/10.1890/06-1408.1},
  publisher={Wiley Online Library}
}

@article{brook2012effects,
  title={Effects of predator control on behaviour of an apex predator and indirect consequences for mesopredator suppression},
  author={Brook, Leila A and Johnson, Christopher N and Ritchie, Euan G},
  journal={Journal of Applied Ecology},
  volume={49},
  number={6},
  pages={1278--1286},
  year={2012},
  doi={https://doi.org/10.1111/j.1365-2664.2012.02207.x},
  publisher={Wiley Online Library}
}

@article{letnic2011does,
  title={Does a top predator suppress the abundance of an invasive mesopredator at a continental scale?},
  author={Letnic, Mike and Greenville, Aaron and Denny, Elizabeth and Dickman, Christopher R and Tischler, Max and Gordon, Christopher and Koch, Freya},
  journal={Global Ecology and Biogeography},
  volume={20},
  number={2},
  pages={343--353},
  year={2011},
  doi={https://doi.org/10.1111/j.1466-8238.2010.00600.x},
  publisher={Wiley Online Library}
}

@article{wang2012dingoes,
  title={Dingoes affect activity of feral cats, but do not exclude them from the habitat of an endangered macropod},
  author={Wang, Yiwei and Fisher, Diana O},
  journal={Wildlife Research},
  volume={39},
  number={7},
  pages={611--620},
  year={2012},
  doi={https://doi.org/10.1071/WR11210},
  publisher={CSIRO Publishing}
}

@article{edwards2002habitat,
  title={Habitat selection by feral cats and dingoes in a semi-arid woodland environment in central Australia},
  author={Edwards, GP and Preu, N DE and Crealy, IV and Shakeshaft, BJ},
  journal={Austral Ecology},
  volume={27},
  number={1},
  pages={26--31},
  year={2002},
  doi={https://doi.org/10.1046/j.1442-9993.2002.01156.x},
  publisher={Wiley Online Library}
}

@article{broekhuis2013risk,
  title={Risk avoidance in sympatric large carnivores: reactive or predictive?},
  author={Broekhuis, Femke and Cozzi, Gabriele and Valeix, Marion and McNutt, John W and Macdonald, David W},
  journal={Journal of Animal Ecology},
  volume={82},
  number={5},
  pages={1098--1105},
  year={2013},
  doi={https://doi.org/10.1111/1365-2656.12077},
  publisher={Wiley Online Library}
}

@article{norton2015population,
  title={Population characteristics and management of the long-nosed potoroo \textit{({Potorous tridactylus})} in high-quality habitat in the {Southern Highlands of New South Wales}},
  author={Norton, Melinda A and Prentice, Alison and Dingle, Juliet and French, Kris and Claridge, Andrew W},
  journal={Australian Mammalogy},
  volume={37},
  number={1},
  pages={67--74},
  year={2015},
  doi={https://doi.org/10.1071/AM14026},
  publisher={CSIRO Publishing}
}

@article{efford2019fast,
  title={Fast evaluation of study designs for spatially explicit capture--recapture},
  author={Efford, Murray G and Boulanger, John},
  journal={Methods in Ecology and Evolution},
  volume={10},
  number={9},
  pages={1529--1535},
  year={2019},
  doi={https://doi.org/10.1111/2041-210X.13239},
  publisher={Wiley Online Library}
}

@article{gehrt2003raccoons,
  title={Raccoons, coyotes, and reflections on the mesopredator release hypothesis},
  author={Gehrt, Stanley D and Clark, William R},
  journal={Wildlife Society Bulletin},
  volume={31},
  number={3},
  pages={836--842},
  year={2003},
  url={https://www.jstor.org/stable/3784607},
  publisher={JSTOR}
}

@article{claridge2013examining,
  title={Examining interactions between dingoes (wild dogs) and mesopredators: the need for caution when interpreting summary data from previously published work},
  author={Claridge, Andrew W},
  journal={Australian Mammalogy},
  volume={35},
  number={2},
  pages={248--250},
  year={2013},
  doi={https://doi.org/10.1071/AM12026},
  publisher={CSIRO Publishing}
}

@article{peacor2013costs,
  title={Costs of predator-induced phenotypic plasticity: a graphical model for predicting the contribution of nonconsumptive and consumptive effects of predators on prey},
  author={Peacor, Scott D and Peckarsky, Barbara L and Trussell, Geoffrey C and Vonesh, James R},
  journal={Oecologia},
  volume={171},
  number={1},
  pages={1--10},
  year={2013},
  doi={https://doi.org/10.1007/s00442-012-2394-9},
  publisher={Springer}
}

@article{prugh2019designing,
  title={Designing studies of predation risk for improved inference in carnivore-ungulate systems},
  author={Prugh, Laura R and Sivy, Kelly J and Mahoney, Peter J and Ganz, Taylor R and Ditmer, Mark A and van de Kerk, Madelon and Gilbert, Sophie L and Montgomery, Robert A},
  journal={Biological Conservation},
  volume={232},
  pages={194--207},
  year={2019},
  doi={https://doi.org/10.1016/j.biocon.2019.02.011},
  publisher={Elsevier}
}

@article{goldstein1995graphical,
  title={The graphical presentation of a collection of means},
  author={Goldstein, Harvey and Healy, Michael JR},
  journal={Journal of the Royal Statistical Society: Series A (Statistics in Society)},
  volume={158},
  number={1},
  pages={175--177},
  year={1995},
  doi={https://doi.org/10.2307/2983411},
  publisher={Wiley Online Library}
}

@article{harrington2009impact,
  title={The impact of native competitors on an alien invasive: temporal niche shifts to avoid interspecific aggression},
  author={Harrington, Lauren A and Harrington, Andrew L and Yamaguchi, Nobuyuki and Thom, Michael D and Ferreras, Pablo and Windham, Thomas R and Macdonald, David W},
  journal={Ecology},
  volume={90},
  number={5},
  pages={1207--1216},
  year={2009},
  doi={https://doi.org/10.1890/08-0302.1},
  publisher={Wiley Online Library}
}

@article{berry2014slow,
  title={Slow recruitment in a red-fox population following poison baiting: a non-invasive mark--recapture analysis},
  author={Berry, Oliver and Tatler, Jack and Hamilton, Neil and Hilmer, Steffi and Hitchen, Yvette and Algar, Dave},
  journal={Wildlife Research},
  volume={40},
  number={7},
  pages={615--623},
  year={2014},
  doi={https://doi.org/10.1071/WR13073},
  publisher={CSIRO Publishing}
}

@article{thomson2000effectiveness,
  title={The effectiveness of a large-scale baiting campaign and an evaluation of a buffer zone strategy for fox control},
  author={Thomson, PC and Marlow, NJ and Rose, K and Kok, NE},
  journal={Wildlife Research},
  volume={27},
  number={5},
  pages={465--472},
  year={2000},
  doi={https://doi.org/10.1071/WR99036},
  publisher={CSIRO Publishing}
}

@article{bengsen2014effects,
  title={Effects of coordinated poison-baiting programs on survival and abundance in two red fox populations},
  author={Bengsen, Andrew},
  journal={Wildlife Research},
  volume={41},
  number={3},
  pages={194--202},
  year={2014},
  doi={https://doi.org/10.1071/WR13202},
  publisher={CSIRO Publishing}
}

@article{moseby2011use,
  title={The use of poison baits to control feral cats and red foxes in arid South Australia I. Aerial baiting trials},
  author={Moseby, KE and Hill, BM},
  journal={Wildlife Research},
  volume={38},
  number={4},
  pages={338--349},
  year={2011},
  doi={https://doi.org/10.1071/WR10235},
  publisher={CSIRO Publishing}
}

@article{towerton2016control,
  title={Control of the red fox in remnant forest habitats},
  author={Towerton, Alison L and Dickman, Christopher R and Kavanagh, Rodney P and Penman, Trent D},
  journal={Wildlife Research},
  volume={43},
  number={2},
  pages={169--177},
  year={2016},
  doi={https://doi.org/10.1071/WR15133},
  publisher={CSIRO Publishing}
}

@article{lieury2015compensatory,
  title={Compensatory immigration challenges predator control: An experimental evidence-based approach improves management},
  author={Lieury, Nicolas and Ruette, Sandrine and Devillard, Sebastien and Albaret, Michel and Drouyer, Franck and Baudoux, Bruno and Millon, Alexandre},
  journal={The Journal of Wildlife Management},
  volume={79},
  number={3},
  pages={425--434},
  year={2015},
  doi={https://doi.org/10.1002/jwmg.850},
  publisher={Wiley Online Library}
}

@article{gentle2007poisoning,
  title={Poisoning for production: how effective is fox baiting in south-eastern {A}ustralia?},
  author={Gentle, Matthew N and Saunders, Glen R and Dickman, Chris R},
  journal={Mammal Review},
  volume={37},
  number={3},
  pages={177--190},
  year={2007},
  doi={https://doi.org/10.1111/j.1365-2907.2007.00107.x},
  publisher={Wiley Online Library}
}

@article{allsop2017reduced,
  title={Reduced efficacy of baiting programs for invasive species: some mechanisms and management implications},
  author={Allsop, Sin{\'e}ad E and Dundas, Shannon J and Adams, Peter J and Kreplins, Tracey L and Bateman, Philip W and Fleming, Patricia A},
  journal={Pacific Conservation Biology},
  volume={23},
  number={3},
  pages={240--257},
  year={2017},
  doi={https://doi.org/10.1071/PC17006},
  publisher={CSIRO Publishing}
}

@article{allen2022fear,
  title={Fear of predators in free-living wildlife reduces population growth over generations},
  author={Allen, Marek C and Clinchy, Michael and Zanette, Liana Y},
  journal={Proceedings of the National Academy of Sciences},
  volume={119},
  number={7},
  pages={e2112404119},
  year={2022},
  doi={https://doi.org/10.1073/pnas.2112404119},
  publisher={National Acad Sciences}
}

@article{le2022genetic,
  title={Genetic sampling and an activity index indicate contrasting outcomes of lethal control for an invasive predator},
  author={Le Pla, Mark N and Birnbaum, Emma K and Rees, Matthew W and Hradsky, Bronwyn A and Weeks, Andrew R and Van Rooyen, Anthony and Pascoe, Jack H},
  journal={Austral Ecology},
  year={2022},
  doi={https://doi.org/10.1111/aec.13182},
  publisher={Wiley Online Library}
}

@article{mccann2017temporal,
  title={Temporal scaling in analysis of animal activity},
  author={McCann, Nicholas P and Zollner, Patrick A and Gilbert, Jonathan H},
  journal={Ecography},
  volume={40},
  number={12},
  pages={1436--1444},
  year={2017},
  doi={https://doi.org/10.1111/ecog.02742},
  publisher={Wiley Online Library}
}

@misc{unimelbdown2018,
  author = {Zappia, Luke},
  title = {unimelbdown},
  year = {2018},
  publisher = {GitHub},
  journal = {GitHub repository},
  url = {https://github.com/lazappi/unimelbdown}
}

@article{gardner2009hierarchical,
  title={Hierarchical models for estimating density from DNA mark--recapture studies},
  author={Gardner, Beth and Royle, J Andrew and Wegan, Michael T},
  journal={Ecology},
  volume={90},
  number={4},
  pages={1106--1115},
  year={2009},
  doi={https://doi.org/10.1890/07-2112.1},
  publisher={Wiley Online Library}
}

@article{balme2018new,
  title={New dates on dingo bones from Madura Cave provide oldest firm evidence for arrival of the species in Australia},
  author={Balme, Jane and O’Connor, Sue and Fallon, Stewart},
  journal={Scientific reports},
  volume={8},
  number={1},
  pages={1--6},
  year={2018},
  doi={https://doi.org/10.1038/s41598-018-28324-x},
  publisher={Nature Publishing Group}
}

@article{linden2017examining,
  title={Examining the occupancy--density relationship for a low-density carnivore},
  author={Linden, Daniel W and Fuller, Angela K and Royle, J Andrew and Hare, Matthew P},
  journal={Journal of applied ecology},
  volume={54},
  number={6},
  pages={2043--2052},
  year={2017},
  doi={ https://doi.org/10.1111/1365-2664.12883},
  publisher={Wiley Online Library}
}

@article{muff2021rewriting,
  title={Rewriting results sections in the language of evidence},
  author={Muff, Stefanie and Nilsen, Erlend B and O’Hara, Robert B and Nater, Chlo{\'e} R},
  journal={Trends in ecology \& evolution},
  year={2021},
  doi={https://doi.org/10.1016/j.tree.2021.10.009},
  publisher={Elsevier}
}

@article{guthlin2014possible,
  title={Is it possible to individually identify red foxes from photographs?},
  author={G{\"u}thlin, Denise and Storch, Ilse and K{\"u}chenhoff, Helmut},
  journal={Wildlife Society Bulletin},
  volume={38},
  number={1},
  pages={205--210},
  year={2014},
  doi={https://doi.org/10.1002/wsb.377},
  publisher={Wiley Online Library}
}

@article{feit2019apex,
  title={Apex predators decouple population dynamics between mesopredators and their prey},
  author={Feit, Benjamin and Feit, Anna and Letnic, Mike},
  journal={Ecosystems},
  volume={22},
  number={7},
  pages={1606--1617},
  year={2019},
  doi={https://doi.org/10.1007/s10021-019-00360-2},
  publisher={Springer}
}

@article{elmhagen2010top,
  title={Top predators, mesopredators and their prey: interference ecosystems along bioclimatic productivity gradients},
  author={Elmhagen, Bodil and Ludwig, Gilbert and Rushton, SP and Helle, Pekka and Lind{\'e}n, Harto},
  journal={Journal of Animal Ecology},
  volume={79},
  number={4},
  pages={785--794},
  year={2010},
  doi={https://doi.org/10.1111/j.1365-2656.2010.01678.x},
  publisher={Wiley Online Library}
}

@article{linnell2000interference,
  title={Interference interactions, co-existence and conservation of mammalian carnivores},
  author={Linnell, John DC and Strand, Olav},
  journal={Diversity and Distributions},
  volume={6},
  number={4},
  pages={169--176},
  year={2000},
  doi={https://doi.org/10.1046/j.1472-4642.2000.00069.x},
  publisher={Wiley Online Library}
}
 
@article{linden2017examining,
  title={Examining the occupancy--density relationship for a low-density carnivore},
  author={Linden, Daniel W and Fuller, Angela K and Royle, J Andrew and Hare, Matthew P},
  journal={Journal of applied ecology},
  volume={54},
  number={6},
  pages={2043--2052},
  year={2017},
  doi={https://doi.org/10.1111/1365-2664.12883},
  publisher={Wiley Online Library}
}

@article{barker2018reliability,
  title={On the reliability of N-mixture models for count data},
  author={Barker, Richard J and Schofield, Matthew R and Link, William A and Sauer, John R},
  journal={Biometrics},
  volume={74},
  number={1},
  pages={369--377},
  year={2018},
  doi={https://doi.org/10.1111/biom.12734},
  publisher={Wiley Online Library}
}

@article{sun2022cautionary,
  title={A cautionary tale comparing spatial count and partial identity models for estimating densities of threatened populations},
  author={Sun, Catherine and Burgar, Joanna M and Fisher, Jason T and Burton, A Cole},
  journal={Global Ecology and Conservation},
  pages={e02268},
  year={2022},
  doi={https://doi.org/10.1016/j.gecco.2022.e02268},
  publisher={Elsevier}
}

@article{gaston2000abundance,
  title={Abundance--occupancy relationships},
  author={Gaston, Kevin J and Blackburn, Tim M and Greenwood, Jeremy JD and Gregory, Richard D and Quinn, Rachel M and Lawton, John H},
  journal={Journal of Applied Ecology},
  volume={37},
  pages={39--59},
  year={2000},
  doi={https://doi.org/10.1046/j.1365-2664.2000.00485.x},
  publisher={Wiley Online Library}
}

@article{seidlitz2020optimising,
  title={Optimising camera trap height and model increases detection and individual identification rates for a small mammal, the numbat (Myrmecobius fasciatus)},
  author={Seidlitz, Anke and Bryant, Kate A and Armstrong, Nicola J and Calver, Michael and Wayne, Adrian F},
  journal={Australian Mammalogy},
  volume={43},
  number={2},
  pages={226--234},
  year={2020},
  doi={https://doi.org/10.1071/AM20020},
  publisher={CSIRO Publishing}
}

@article{takimoto2022simple,
  title={A simple theory for the mesopredator release effect: when does an apex predator protect their shared prey from a mesopredator?},
  author={Takimoto, Gaku and Nishijima, Shota},
  journal={Oikos},
  pages={e09021},
  year={2022},
  doi={ https://doi.org/10.1111/oik.09021},
  publisher={Wiley Online Library}
}

@article{cairns2018elucidating,
  title={Elucidating biogeographical patterns in Australian native canids using genome wide SNPs},
  author={Cairns, Kylie M and Shannon, Laura M and Koler-Matznick, Janice and Ballard, J William O and Boyko, Adam R},
  journal={PLoS One},
  volume={13},
  number={6},
  pages={e0198754},
  year={2018},
  doi={https://doi.org/10.1371/journal.pone.0198754},
  publisher={Public Library of Science San Francisco, CA USA}
}

@article{tempel2013relation,
  title={Relation between occupancy and abundance for a territorial species, the California spotted owl},
  author={Tempel, Douglas J and Guti{\'e}rrez, RJ},
  journal={Conservation Biology},
  volume={27},
  number={5},
  pages={1087--1095},
  year={2013},
  doi={https://doi.org/10.1111/cobi.12074},
  publisher={Wiley Online Library}
}

@article{sogliani2019fox,
  title={“The Fox and the Cat”: Sometimes they do not agree},
  author={Sogliani, Davide and Mori, Emiliano},
  journal={Mammalian Biology},
  volume={95},
  number={1},
  pages={150--154},
  year={2019},
  doi={https://doi.org/10.1016/j.mambio.2018.07.003},
  publisher={Springer}
}

@article{rich2019sampling,
  title={Sampling design and analytical advances allow for simultaneous density estimation of seven sympatric carnivore species from camera trap data},
  author={Rich, Lindsey N and Miller, David AW and Mu{\~n}oz, David J and Robinson, Hugh S and McNutt, J Weldon and Kelly, Marcella J},
  journal={Biological Conservation},
  volume={233},
  pages={12--20},
  year={2019},
  doi={https://doi.org/10.1016/j.biocon.2019.02.018},
  publisher={Elsevier}
}

@article{suraci2016fear,
  title={Fear of large carnivores causes a trophic cascade},
  author={Suraci, Justin P and Clinchy, Michael and Dill, Lawrence M and Roberts, Devin and Zanette, Liana Y},
  journal={Nature communications},
  volume={7},
  number={1},
  pages={1--7},
  year={2016},
  doi={https://doi.org/10.1038/ncomms10698},
  publisher={Nature Publishing Group}
}

@article{kellner2022two,
  title={A Two-Species Occupancy Model with a Continuous-Time Detection Process Reveals Spatial and Temporal Interactions},
  author={Kellner, Kenneth F and Parsons, Arielle W and Kays, Roland and Millspaugh, Joshua J and Rota, Christopher T},
  journal={Journal of Agricultural, Biological and Environmental Statistics},
  volume={27},
  number={2},
  pages={321--338},
  year={2022},
  doi={https://doi.org/10.1007/s13253-021-00482-y},
  publisher={Springer}
}

@article{karanth2017spatio,
  title={Spatio-temporal interactions facilitate large carnivore sympatry across a resource gradient},
  author={Karanth, K Ullas and Srivathsa, Arjun and Vasudev, Divya and Puri, Mahi and Parameshwaran, Ravishankar and Kumar, N Samba},
  journal={Proceedings of the Royal Society B: Biological Sciences},
  volume={284},
  number={1848},
  pages={20161860},
  year={2017},
  doi={https://doi.org/10.1098/rspb.2016.1860},
  publisher={The Royal Society}
}

@article{parsons2022effect,
  title={The effect of urbanization on spatiotemporal interactions between gray foxes and coyotes},
  author={Parsons, Arielle W and Kellner, Kenneth F and Rota, Christopher T and Schuttler, Stephanie G and Millspaugh, Joshua J and Kays, Roland W},
  journal={Ecosphere},
  volume={13},
  number={3},
  pages={e3993},
  year={2022},
  doi={https://doi.org/10.1002/ecs2.3993},
  publisher={Wiley Online Library}
}

@article{wooster2022predator,
  title={Predator protection dampens the landscape of fear},
  author={Wooster, Eamonn IF and Ramp, Daniel and Lundgren, Erick J and O'Neill, Adam J and Yanco, Esty and Bonsen, Gavin T and Wallach, Arian D},
  journal={Oikos},
  pages={e09059},
  year={2022},
  doi={https://doi.org/10.1111/oik.09059},
  publisher={Wiley Online Library}
}

@article{davies2021spatial,
  title={Spatial heterogeneity facilitates carnivore coexistence},
  author={Davies, Andrew B and Tambling, Craig J and Marneweck, David G and Ranc, Nathan and Druce, Dave J and Cromsigt, Joris PGM and Le Roux, Elizabeth and Asner, Gregory P},
  journal={Ecology},
  volume={102},
  number={5},
  pages={e03319},
  year={2021},
  doi={https://doi.org/10.1002/ecy.3319},
  publisher={Wiley Online Library}
}

@article{fleming2022distinctive,
  title={Distinctive diets of eutherian predators in Australia},
  author={Fleming, Patricia A and Stobo-Wilson, Alyson M and Crawford, Heather M and Dawson, Stuart J and Dickman, Chris R and Doherty, Tim S and Fleming, Peter JS and Newsome, Thomas M and Palmer, Russell and Thompson, Jim A and others},
  journal={Royal Society Open Science},
  year={2022},
  doi={https://doi.org/10.1098/rsos.220792},
  publisher={The Royal Society}
}

@article{suraci2022beyond,
  title={Beyond spatial overlap: harnessing new technologies to resolve the complexities of predator--prey interactions},
  author={Suraci, Justin P and Smith, Justine A and Chamaill{\'e}-Jammes, Simon and Gaynor, Kaitlyn M and Jones, Menna and Luttbeg, Barney and Ritchie, Euan G and Sheriff, Michael J and Sih, Andrew},
  journal={Oikos},
  pages={e09004},
  year={2022},
  doi={https://doi.org/10.1111/oik.09004},
  publisher={Wiley Online Library}
}

@book{kery2020applied,
  title={Applied hierarchical modeling in ecology: Analysis of distribution, abundance and species richness in {{R}} and {BUGS}: Volume 2: Dynamic and advanced models},
  author={K{\'e}ry, Marc and Royle, J Andrew},
  year={2020},
  publisher={Academic Press}
}


@article{rees2023mesopredator,
author = {Rees, Matthew W. and Pascoe, Jack H. and Le Pla, Mark and Robley, Alan and Birnbaum, Emma K. and Wintle, Brendan A. and Hradsky, Bronwyn A.},
title = {Mesopredator release among invasive predators: Controlling red foxes can increase feral cat density and alter their behaviour},
journal = {Journal of Applied Ecology},
volume = {60},
number = {6},
pages = {1100-1114},
keywords = {1080 poison, feral cat, intraguild predator interactions, invasive predator, lethal predator control, mesopredator release, red fox, spatial capture–recapture},
doi = {https://doi.org/10.1111/1365-2664.14402},
url = {https://besjournals.onlinelibrary.wiley.com/doi/abs/10.1111/1365-2664.14402},
eprint = {https://besjournals.onlinelibrary.wiley.com/doi/pdf/10.1111/1365-2664.14402},
year = {2023}
}


@online{rees2023data,
  title={Data from: Mesopredator release among invasive predators: controlling red foxes can increase feral cat density and alter their behaviour},
  author={M.W. Rees and J.H. Pascoe and M. {Le Pla} and A. Robley and E.K. Birnbaum and B.A. Wintle and B.A. Hradsky},
  year={2023},
  url={https://doi.org/10.5061/dryad.69p8cz95w},
  publisher={Dryad Digital Repository}
}

@article{algar2004feral,
  title={Feral cat control research: Western Shield review--February 2003.},
  author={Algar, D and Burrows, ND},
  journal={Conservation Science Western Australia},
  volume={5},
  number={2},
  year={2004}
}

@article{moseby2011use,
  title={The use of poison baits to control feral cats and red foxes in arid {South Australia} II. Bait type, placement, lures and non-target uptake},
  author={Moseby, KE and Read, JL and Galbraith, B and Munro, N and Newport, J and Hill, BM},
  journal={Wildlife Research},
  volume={38},
  number={4},
  pages={350--358},
  year={2011},
  doi={https://doi.org/10.1071/WR10236},
  publisher={CSIRO Publishing}
}

@article{risbey1997control,
  title={Control of feral cats for nature conservation. I. Field tests of four baiting methods},
  author={Risbey, Danielle A and Calver, Mike and Short, Jeff},
  journal={Wildlife Research},
  volume={24},
  number={3},
  pages={319--326},
  year={1997},
  doi={https://doi.org/10.1071/WR96051},
  publisher={CSIRO Publishing}
}


@article{gaynor2018influence,
  title={The influence of human disturbance on wildlife nocturnality},
  author={Gaynor, Kaitlyn M and Hojnowski, Cheryl E and Carter, Neil H and Brashares, Justin S},
  journal={Science},
  volume={360},
  number={6394},
  pages={1232--1235},
  year={2018},
  doi={https://doi.org/10.1126/science.aar7121},
  publisher={American Association for the Advancement of Science}
}

@article{van2023influence,
	Title = {The influence of human activity on predator-prey spatiotemporal overlap},
	Author = {Van Scoyoc, Amy and Smith, Justine A and Gaynor, Kaitlyn M and Barker, Kristin and Brashares, Justin S},
	DOI = {10.1111/1365-2656.13892},
	Number = {6},
	Volume = {92},
	Month = {June},
	Year = {2023},
  Journal = {The Journal of Animal Ecology},
	ISSN = {0021-8790},
	Pages = {1124—1134},
	doi = {https://doi.org/10.1111/1365-2656.13892},
}


@article{venter2016sixteen,
  title={Sixteen years of change in the global terrestrial human footprint and implications for biodiversity conservation},
  author={Venter, Oscar and Sanderson, Eric W and Magrach, Ainhoa and Allan, James R and Beher, Jutta and Jones, Kendall R and Possingham, Hugh P and Laurance, William F and Wood, Peter and Fekete, Bal{\'a}zs M and Watson, James E.M.},
  journal={Nature communications},
  volume={7},
  number={1},
  pages={12558},
  year={2016},
  doi={https://doi.org/10.1038/ncomms12558},
  publisher={Nature Publishing Group UK London}
}

@misc{venter2018last,
  title={Last of the Wild Project, Version 3 (LWP-3): 2009 Human Footprint, 2018 Release.},
  author={Venter, Oscar and Sanderson, Eric W and Magrach, Ainhoa and Allan, James R and Beher, Jutta and Jones, Kendall R and Possingham, Hugh P and Laurance, William F and Wood, Peter and Fekete, Bal{\'a}zs M and Watson, James E.M.},  
  year = {2018},
  doi={https://doi.org/10.7927/H46T0JQ4.},
  note = {Palisades, New York: NASA Socioeconomic Data and Applications Center (SEDAC). Accessed 22 April 2023.},
}

@article{gaynor2018influence,
  title={The influence of human disturbance on wildlife nocturnality},
  author={Gaynor, Kaitlyn M and Hojnowski, Cheryl E and Carter, Neil H and Brashares, Justin S},
  journal={Science},
  volume={360},
  number={6394},
  pages={1232--1235},
  year={2018},
  doi={https://doi.org/10.1126/science.aar7121},
  publisher={American Association for the Advancement of Science}
}

@article{prugh2023fear,
  title={Fear of large carnivores amplifies human-caused mortality for mesopredators},
  author={Prugh, Laura R and Cunningham, Calum X and Windell, Rebecca M and Kertson, Brian N and Ganz, Taylor R and Walker, Savanah L and Wirsing, Aaron J},
  journal={Science},
  volume={380},
  number={6646},
  pages={754--758},
  year={2023},
  doi={https://doi.org/10.1126/science.adf2472},
  publisher={American Association for the Advancement of Science}
}
